1736 2615
206 183 254 216 48
779 184 928 210 mosao.

207 280 257 319 33
276 278 507 331 provideras
524 280 563 314 et
577 279 689 313 tanto
706 279 798 311 ante
813 273 1081 324 praedixeras.
1117 273 1226 322 Ergo
1241 272 1400 310 hercule
1416 287 1526 323 niag-

277 357 340 390 na,
374 345 419 378 ut
449 352 574 390 spero,
602 344 671 375 tua
697 338 832 387 potius
856 349 979 386 quam
1009 337 1064 373 rei
1093 336 1278 385 publicae
1302 336 1528 374 calamitate

279 405 493 444 ementitus
525 416 566 440 es
600 401 786 451 auspicia,
823 400 1075 438 obstrinxisti
1107 399 1301 449 religione
1333 400 1529 449 populum

277 471 516 515 Romanum,
550 478 681 515 augur
718 464 873 514 auguri,
912 463 1050 501 consul
1079 462 1232 501 consuli
1268 463 1526 501 obnuntiasti.

216 548 255 582 15
278 533 382 570 Nolo
411 531 539 582 plura,
568 542 619 566 ne
644 531 734 566 acta
758 527 994 565 Dolabellae
1013 527 1151 564 videar
1170 526 1401 572 convellere,
1424 539 1529 576 quae

279 608 437 634 necesse
457 598 516 631 est
536 591 753 642 aliquando
775 591 825 629 ad
844 595 1027 628 nostruin
1047 590 1259 640 collegium
1283 590 1529 629 deferantur.

281 664 341 698 84.
373 658 451 696 Sed
481 656 761 706 adrogantiam
789 655 964 692 hominis
1002 654 1334 704 insolentiamque
1368 666 1530 703 cognos-

279 725 372 761 cite:
391 736 513 772 quam
526 721 595 758 diu
610 728 655 757 tu
666 720 786 768 voles,
802 719 970 757 vitiosus
983 718 1120 756 consul
1133 718 1361 765 Dolabella3
1379 731 1528 766 rursus,

281 800 370 825 cum
401 786 520 833 voles,
552 784 673 822 salvis
703 783 892 833 auspiciis
921 786 1088 820 creatus
1139 781 1180 819 Si
1209 781 1312 818 nihil
1342 785 1411 829 est,
1443 794 1533 818 cum

214 866 262 890 zo
283 864 414 900 augur
439 849 489 887 iis
510 848 645 887 verbis
670 847 841 894 nuntiat,
868 846 1018 896 quibus
1042 850 1086 883 tu
1110 845 1316 892 nuntiasti,
1345 845 1530 883 confitere

279 919 329 962 te,
354 927 444 951 cum
468 912 583 950 “alio
604 911 700 948 die''
725 911 886 956 dixeris,
912 910 1090 947 sobrium
1115 923 1196 947 non
1214 909 1363 957 fuisse3
1394 910 1454 946 sin
1475 913 1534 946 est

279 978 416 1027 aliqua
440 976 500 1014 vis
525 975 568 1012 in
595 975 683 1012 istis
705 974 849 1023 verbis,
877 986 924 1011 ea
946 986 1050 1023 quae
1077 973 1138 1022 sit,
1170 986 1300 1022 augur
1323 986 1346 1009 a
1375 973 1528 1023 collega

283 1040 454 1090 requiro.

212 1104 263 1143 34
333 1102 536 1142 XXXIV.
569 1101 647 1139 Sed
696 1114 745 1138 ne
802 1101 906 1138 forte
953 1113 1002 1138 ex
1047 1099 1184 1137 multis
1242 1099 1364 1137 rebus
1411 1100 1536 1150 gestis

282 1168 339 1205 M.
369 1166 537 1205 Antonii
565 1179 650 1203 rem
673 1178 798 1202 unam
825 1164 1138 1215 pulcherrimam
1166 1163 1367 1201 transiliat
1395 1164 1531 1210 oratio,

283 1231 334 1269 ad
378 1230 617 1281 Lupercalia
663 1229 884 1266 veniamus.
970 1228 1064 1265 Non
1110 1227 1346 1275 dissimulat,
1401 1232 1537 1277 patres

283 1294 521 1344 conscripti:
566 1296 734 1343 apparet
778 1305 862 1330 esse
905 1295 1170 1339 commotum3
1233 1291 1360 1338 sudat,
1402 1291 1535 1341 pallet.

243 1373 260 1407 5
285 1357 504 1401 Quidlibet,
549 1356 666 1394 niodo
705 1369 755 1393 ne
794 1359 971 1403 nauseet,
1001 1355 1134 1398 faciat,
1169 1354 1278 1404 quod
1309 1354 1352 1391 in
1383 1355 1538 1404 porticu

285 1422 465 1459 Minucia
501 1421 608 1458 fecit.
670 1419 783 1460 Quae
820 1423 952 1469 potest
986 1432 1070 1456 esse
1103 1418 1368 1468 turpitudinis
1401 1422 1537 1456 tantae

285 1484 495 1523 defensio?
550 1483 678 1534 Cupio
709 1483 860 1530 audire,
897 1486 941 1520 ut
974 1482 1143 1528 videam,
1179 1481 1252 1519 ubi
1283 1482 1456 1520 rhetoris
1487 1483 1538 1520 sit

285 1553 398 1587 tanta
425 1560 586 1595 merces,
621 1547 662 1584 id
688 1550 758 1593 est,
791 1546 863 1583 ubi
889 1559 1052 1596 campus
1081 1545 1303 1583 Leontinus
1332 1550 1535 1596 appareat.

287 1616 348 1650 85.
380 1610 555 1649 Sedebat
580 1610 621 1646 in
648 1609 786 1647 rostris
812 1609 966 1659 collega
992 1614 1097 1656 tuus,
1121 1609 1290 1646 amictus
1317 1616 1413 1658 toga
1441 1623 1536 1659 pur-

224 1691 265 1714 10
286 1689 423 1726 purea,
446 1675 488 1711 in
509 1674 606 1712 sella
632 1687 766 1721 aurea,
790 1676 1012 1711 coronatus.
1071 1672 1274 1720 Escendis,
1307 1673 1460 1710 accedis
1488 1674 1539 1711 ad

287 1739 537 1777 sellam-ita
558 1751 645 1775 eras
670 1737 887 1787 Lupercus,
910 1740 955 1774 ut
980 1740 1019 1774 te
1049 1736 1251 1774 consulem
1286 1749 1370 1774 esse
1400 1738 1538 1774 memi-

286 1804 392 1841 nisse
418 1802 647 1849 deberes-,
672 1801 856 1838 diadema
885 1800 1072 1838 ostendis.
1130 1800 1314 1838 Gemitus
1333 1804 1416 1838 toto
1436 1801 1535 1839 foro.

286 1867 407 1905 Unde
440 1865 653 1903 diadema?
708 1865 802 1902 Non
835 1864 941 1901 enim
974 1863 1174 1901 abiectum
1204 1864 1436 1912 sustuleras,
1471 1865 1540 1902 sed

287 1930 478 1969 attuleras
508 1929 624 1966 domo
657 1928 895 1965 meditatum
934 1932 972 1965 et
1008 1928 1229 1977 cogitatum
1267 1928 1406 1966 scelus.
1477 1930 1538 1965 Tu

224 2009 262 2042 15
287 1994 472 2031 diadema
508 1992 743 2042 imponebas
779 2005 869 2029 cum
905 1991 1101 2042 plangore
1147 1991 1297 2041 populi,
1337 1991 1406 2028 ille
1451 2005 1539 2028 cum

286 2058 431 2108 plausu
466 2056 667 2094 reiciebat.
737 2056 798 2093 Tu
829 2068 923 2105 ergo
952 2068 1068 2101 unus,
1111 2055 1309 2103 scelerate,
1349 2056 1538 2093 inventus

289 2135 329 2158 os
348 2121 430 2170 qui,
454 2133 542 2157 cum
571 2123 708 2157 auctor
736 2119 852 2169 regni
877 2131 983 2156 esses
1007 2131 1178 2168 eumque
1201 2132 1321 2167 quem
1347 2118 1540 2168 collegam

288 2184 480 2231 habebas,
504 2183 709 2220 dominum
735 2183 886 2220 habere
911 2182 1045 2229 velles,
1069 2182 1173 2219 idem
1200 2186 1416 2232 temptares
1443 2182 1541 2231 quid

288 2248 462 2299 populus
491 2247 699 2284 Romanus
727 2247 831 2283 ferre
861 2249 899 2283 et
928 2246 1013 2296 pati
1046 2249 1190 2296 posset.
1249 2249 1309 2282 86.
1339 2245 1394 2282 At
1420 2245 1541 2282 etiam

224 2326 269 2349 20
292 2309 604 2348 inisericordiam
623 2309 837 2358 captabas:
870 2308 1039 2359 supplex
1054 2312 1093 2346 te
1114 2308 1165 2345 ad
1184 2308 1305 2358 pedes
1325 2308 1539 2345 abiciebas.

290 2374 396 2414 Quid
423 2373 596 2423 petens?
646 2372 703 2409 Ut
731 2371 930 2409 servires?
973 2371 1063 2409 Tibi
1092 2371 1162 2409 uni
1189 2376 1356 2422 peteres,
1389 2371 1460 2421 qui
1484 2371 1541 2408 ita
