1736 2615
723 152 924 177 rmntrrm
952 151 993 177 11.
1469 143 1517 177 39

199 243 422 291 lenonibus,
455 243 615 281 comites
648 243 904 292 nequissimi;
947 243 1092 280 reiecta
1119 246 1247 280 mater
1279 242 1446 280 amicam
1466 242 1517 280 24

199 307 347 356 impuri
379 306 450 343 filii
486 310 692 356 tamquam
724 319 870 343 nurum
899 306 1155 355 sequebatur.
1213 305 1245 343 Ο
1278 306 1447 343 miserae

198 369 377 406 mulieris
392 369 680 407 fecunditatem
695 369 968 407 calamitosam
985 369 993 406 Ι
1025 369 1183 406 Horum
1198 368 1446 418 flagitiorum

198 433 273 470 iste
295 432 476 482 vestigiis
509 432 643 470 omnia
674 433 903 482 municipia,
937 432 1222 482 praefecturas,
1256 432 1442 480 colonias,

198 500 322 534 totam
343 496 515 545 denique
535 496 928 546 Italiamqimpressit.
1474 510 1516 533 10

252 563 312 597 59.
359 559 623 609 Reliquorum
669 560 866 597 factorum
904 559 999 607 eius,
1049 564 1184 610 patres
1222 558 1444 609 conscripti,

198 622 369 660 difficilis
398 627 456 661 est
483 636 579 660 sane
608 623 864 674 reprehensio
895 627 933 660 et
958 623 1123 661 lubrica.
1180 623 1375 662 Versatus
1406 623 1448 659 in

198 686 302 724 bello
340 690 421 734 est3
462 687 658 725 saturavit
694 700 735 724 se
769 687 965 737 sanguine
995 686 1354 724 dissimillimorum
1384 687 1445 723 sui

197 750 360 797 civium3
381 750 480 787 felix
499 750 588 798 fuit,
613 750 645 787 si
667 754 798 800 potest
818 750 902 787 ulla
921 750 962 786 in
983 750 1128 787 scelere
1155 763 1240 787 esse
1263 749 1444 787 felicitas.

199 813 277 851 Sed
306 814 495 863 quoniam
525 813 724 851 veteranis
756 818 918 851 cautum
956 826 1039 851 esse
1076 813 1271 860 volumus,
1307 826 1445 862 quam-
1475 826 1512 860 ¹5

198 890 321 926 quam
357 877 561 914 dissimilis
598 881 657 914 est
685 877 858 914 militum
890 890 1011 914 causa
1042 881 1080 914 et
1111 876 1294 914 tua—illi
1324 876 1448 913 secuti

199 944 302 988 sunt,
325 944 370 977 tu
393 940 584 990 quaesisti
613 941 816 988 ducem—,
840 944 988 988 tamen,
1011 953 1060 977 ne
1085 940 1193 990 apud
1212 939 1302 977 illos
1324 952 1387 976 me
1406 940 1449 976 in

197 1003 392 1041 invidiam
410 1017 536 1052 voces,
559 1004 662 1040 nihil
688 1004 736 1041 de
767 1017 914 1054 genere
946 1003 1043 1041 belli
1074 1003 1214 1040 dicam.
1271 1003 1409 1041 Victor
1429 1015 1449 1039 e

198 1067 406 1105 Thessalia
438 1067 701 1105 Brundisium
731 1080 821 1105 cum
850 1067 1080 1117 legionibus
1114 1065 1325 1104 revertisti.
1382 1065 1448 1103 Ibi

198 1144 261 1167 me
287 1144 368 1168 non
391 1130 593 1168 occidisti:
626 1144 822 1180 magnum
844 1130 1107 1168 beneficium!
1138 1129 1315 1180 potuisse
1342 1129 1447 1166 enim
1471 1143 1516 1165 zo

198 1194 338 1231 fateor.
396 1193 652 1243 Quamquam
672 1207 789 1231 nemo
814 1198 899 1232 erat
930 1207 1077 1241 eorum,
1105 1194 1175 1243 qui
1206 1197 1291 1230 tum
1320 1197 1450 1230 tecum

199 1257 375 1305 fuerunt,
393 1258 464 1306 qui
478 1257 578 1294 mihi
593 1271 672 1295 non
688 1261 865 1295 censeret
879 1257 989 1308 parci
1005 1262 1198 1307 oportere.
1239 1259 1300 1294 60.
1322 1256 1450 1293 Tanta

199 1324 258 1358 est
288 1321 393 1357 enim
423 1321 568 1358 caritas
604 1321 771 1371 patriae,
812 1324 857 1358 ut
888 1321 1032 1358 vestris
1066 1321 1186 1358 etiam
1222 1319 1451 1370 legionibus

201 1388 360 1422 sanctus
380 1397 518 1433 essem,
541 1384 648 1434 quod
669 1397 756 1422 eam
775 1397 799 1422 a
823 1397 888 1421 me
907 1388 1105 1422 servatam
1136 1396 1220 1421 esse
1249 1382 1449 1420 meminis-

200 1452 298 1486 sent.
355 1447 433 1486 Sed
457 1448 522 1486 fac
544 1448 585 1485 id
607 1453 647 1486 te
673 1448 829 1486 dedisse
859 1447 970 1496 mihi,
1000 1447 1108 1497 quod
1140 1460 1220 1484 non
1253 1446 1446 1493 ademisti,
1474 1460 1516 1493 25

197 1524 342 1561 meque
368 1525 391 1550 a
414 1516 453 1549 te
482 1512 632 1550 habere
668 1512 804 1558 vitam,
839 1511 935 1561 quja
964 1524 1045 1548 non
1077 1524 1101 1548 a
1133 1514 1173 1548 te
1203 1510 1254 1548 sit
1285 1514 1446 1560 erepta:

197 1574 360 1612 licuitne
379 1575 478 1612 mihi
497 1589 569 1626 per
587 1580 678 1614 tuas
698 1575 960 1613 contumelias
984 1574 1058 1612 hoc
1080 1578 1196 1612 tuum
1215 1573 1451 1611 beneficium

199 1639 253 1676 sic
271 1639 386 1686 tueri,
418 1643 464 1676 ut
491 1639 646 1687 tuebar,
679 1639 916 1689 praesertim
945 1652 1035 1675 cum
1063 1641 1102 1675 te
1131 1638 1229 1675 haec
1258 1650 1451 1675 ausurum

197 1702 403 1740 viderem?
458 1703 593 1742 XXV.
637 1706 698 1740 61.
742 1702 899 1742 Venisti
933 1702 1209 1749 Brundisium,
1245 1701 1287 1738 in
1320 1701 1451 1738 sinum
1470 1700 1519 1739 25

197 1766 360 1815 quidem
397 1771 436 1804 et
472 1767 514 1803 in
550 1766 802 1816 complexum
839 1770 933 1803 tuae
969 1765 1171 1802 mimulae.
1230 1764 1336 1806 Quid
1362 1764 1450 1802 est?

197 1829 307 1867 Num
326 1830 523 1868 mentior?
552 1829 684 1871 Quam
703 1830 896 1867 miserum
917 1833 975 1867 est
995 1829 1036 1866 id
1055 1842 1206 1878 negare
1223 1841 1303 1865 non
1319 1841 1446 1878 posse,

197 1894 306 1943 quod
338 1894 389 1932 sit
425 1894 703 1944 turpissimum
739 1892 939 1931 confiteri!
997 1892 1040 1931 Si
1069 1896 1109 1930 te
1139 1891 1451 1942 municipiorum

197 1970 277 1995 non
296 1958 486 2007 pudebat,
509 1971 558 1995 ne
577 1961 756 1994 veterani
775 1957 938 2006 quidem
958 1955 1185 1993 exercitus?
1227 1954 1326 1995 Quis
1343 1954 1449 1992 enim
1472 1968 1488 2002 5

197 2021 311 2058 miles
329 2021 407 2058 fuit
433 2022 503 2070 qui
526 2020 733 2058 Brundisii
760 2020 871 2057 illam
901 2032 982 2057 non
1014 2018 1191 2057 viderit?
1248 2017 1348 2059 Quis
1379 2018 1449 2066 qui

197 2084 380 2122 nescierit
407 2084 563 2122 venisse
584 2097 671 2121 eam
690 2083 766 2121 tibi
786 2088 844 2121 tot
864 2083 1019 2120 dierum
1038 2083 1114 2119 iter
1134 2081 1294 2119 obviam
1313 2085 1449 2131 gratu-

197 2148 356 2185 latum?
411 2147 510 2189 Quis
539 2148 609 2197 qui
646 2160 724 2184 non
758 2147 974 2184 indoluerit
1010 2150 1093 2184 tam
1126 2159 1212 2183 sero
1251 2158 1291 2182 se
1328 2157 1451 2194 quam

197 2225 371 2261 nequam
390 2211 593 2249 hominem
614 2215 771 2248 secutus
791 2214 894 2248 esset
909 2208 1177 2260 cognoscere?
1220 2212 1281 2246 62.
1306 2208 1451 2245 Italiae

197 2289 336 2313 rursus
372 2274 616 2326 percursatio
654 2273 793 2311 eadem
838 2273 979 2311 comite
1021 2273 1168 2320 mima3
1214 2272 1257 2309 in
1301 2271 1450 2321 oppida
1475 2284 1519 2308 10

198 2339 372 2376 militum
409 2337 582 2375 crudelis
620 2343 658 2374 et
696 2336 842 2374 misera
879 2336 1086 2383 deductim
1134 2335 1174 2372 in
1213 2334 1312 2372 urbe
1349 2333 1447 2382 auri,
