1736 2615
710 178 910 203 1¹111L1P1’10
939 179 980 204 11.
1458 173 1505 205 59

187 267 326 305 Habet
363 268 536 318 populus
583 268 790 306 Romanus
836 268 887 306 ad
926 282 1027 318 quos
1065 269 1341 318 gubernacula
1380 271 1437 307 rei
1457 270 1507 308 44

185 332 370 382 publicae
399 331 575 369 deferat:
619 332 689 381 qui
736 331 966 381 ubicunque
1005 336 1206 370 terrarum
1243 337 1347 381 sunt,
1380 334 1436 371 ibi
1461 349 1507 371 zo

186 408 301 433 omne
347 399 405 432 est
450 395 508 432 rei
552 395 737 445 publicae
783 395 1030 445 praesidium
1078 395 1142 433 vel
1178 396 1313 446 potius
1352 396 1439 446 ipsa

185 472 248 496 res
284 458 456 509 publica,
498 471 602 508 quae
639 471 679 495 se
713 458 844 496 adhuc
880 462 1040 496 tantum
1082 459 1199 496 modo
1237 459 1325 496 ulta
1363 463 1432 506 est,

184 523 362 560 nondum
399 522 657 572 1·eciperavit;
709 522 832 559 habet
860 522 1024 571 quidem
1053 527 1157 560 certe
1185 536 1249 560 res
1276 523 1439 573 publica

184 587 456 624 adulescentes
502 585 772 623 nobilissimos
814 590 977 636 paratos
1015 586 1267 624 defensores:
1316 600 1436 636 quam

182 651 317 688 volent
344 650 403 687 illi
431 650 573 687 cedant
599 650 678 687 otio
707 650 968 697 consulentes,
993 653 1128 687 tamen
1155 664 1178 687 a
1203 663 1246 688 re
1274 651 1436 700 publica
1460 662 1502 698 25

182 714 489 753 revocabuntur.
560 714 613 751 Et
639 727 785 751 nomen
812 713 923 764 pacis
953 713 1068 751 dulce
1098 717 1157 751 est
1186 717 1225 751 et
1257 714 1346 764 ipsa
1374 727 1436 751 res

183 779 379 826 salutaris,
423 778 492 815 sed
537 777 641 815 inter
686 791 825 827 pacem
863 781 902 815 et
939 777 1171 815 servitutem
1216 777 1437 827 plurimum

181 843 368 880 interest:
407 855 488 892 pax
521 845 581 879 est
613 841 833 891 tranquilla
864 841 1042 889 libertas,
1082 841 1253 879 servitus
1284 845 1435 892 postre-

180 920 290 944 mum
325 906 521 943 malorum
558 905 747 953 omnium,
783 918 863 942 non
899 905 1016 943 modo
1054 905 1161 944 bello
1201 905 1270 942 sed
1306 909 1434 943 morte

181 971 301 1008 etiam
333 969 619 1020 repellendum.
693 972 777 1007 114.
817 968 969 1010 Quodsi
1003 982 1044 1006 se
1076 969 1185 1019 ipsos
1216 969 1277 1006 1111
1308 969 1435 1006 nostri
1458 983 1504 1018 30

179 1035 416 1072 liberatores
450 1046 470 1070 e
503 1036 714 1083 conspectu
752 1036 887 1070 nostro
922 1032 1186 1080 abstulerunt,
1225 1036 1266 1070 at
1303 1045 1434 1070 exem-

179 1099 291 1148 plum
337 1098 434 1135 facti
480 1097 742 1146 reliquerunt.
826 1096 905 1144 Illi,
955 1096 1065 1146 quod
1110 1109 1227 1134 nemo
1271 1096 1432 1142 fecerat,

178 1165 383 1200 fecerunt:
432 1160 699 1210 Tarquinium
738 1160 892 1197 Brutus
936 1160 1043 1198 bello
1082 1164 1141 1198 est
1185 1164 1430 1211 persecutus,

179 1226 249 1276 qui
269 1229 355 1262 tum
374 1238 446 1261 rex
465 1224 554 1271 fuit,
579 1236 668 1262 cum
689 1237 774 1261 esse
794 1224 946 1261 Romae
964 1223 1136 1271 licebat3
1168 1223 1234 1274 Sp.
1257 1224 1432 1267 Cassius,

180 1289 246 1339 Sp.
281 1288 464 1336 Maelius,
507 1288 563 1325 M.
599 1287 778 1324 Manlius
816 1291 980 1337 propter
1017 1287 1282 1337 suspicionem
1319 1287 1434 1337 regni
1457 1300 1499 1335 35

179 1351 395 1402 appetendi
434 1355 528 1389 sunt
564 1351 720 1389 necati:
762 1350 805 1387 hi
841 1351 1016 1401 primum
1049 1364 1138 1388 cum
1176 1351 1322 1401 gladiis
1355 1364 1434 1388 non

178 1417 219 1453 in
255 1429 427 1465 regnum
464 1418 733 1465 appetentem,
776 1414 844 1452 sed
886 1414 929 1451 in
965 1418 1202 1465 regnantem
1238 1415 1434 1465 impetum

177 1481 370 1518 fecerunt.
428 1478 545 1519 Quod
570 1492 659 1516 cum
686 1478 818 1528 ipsum
843 1478 996 1515 factum
1021 1491 1093 1528 per
1117 1491 1158 1515 se
1182 1478 1433 1528 praeclarum

178 1548 238 1581 est
267 1547 389 1593 atque
415 1543 607 1590 divinum⁷
631 1546 717 1579 tum
749 1542 974 1592 expositum
1005 1542 1056 1579 ad
1085 1542 1326 1579 imitandum
1360 1545 1429 1590 est,

177 1606 412 1658 praesertim
442 1620 531 1644 cum
561 1605 620 1643 illi
654 1619 741 1643 eam
772 1606 942 1655 gloriam
972 1606 1171 1643 consecuti
1202 1605 1291 1653 sint,
1326 1618 1430 1655 quae
1450 1619 1500 1654 40

177 1673 246 1709 vix
282 1671 389 1709 caelo
427 1670 516 1720 capi
560 1682 676 1720 posse
712 1669 908 1707 videatur.
983 1669 1072 1706 Etsi
1111 1670 1216 1706 enim
1256 1669 1353 1706 satis
1391 1669 1432 1706 in

176 1736 265 1786 ipsa
294 1734 534 1772 conscientia
566 1733 825 1783 pulcherrimi
857 1733 953 1770 facti
981 1733 1137 1770 fructus
1165 1736 1262 1781 erat,
1298 1736 1433 1770 tamen

176 1799 335 1837 mortali
387 1797 730 1835 immortalitatem
776 1810 856 1833 non
903 1796 1077 1834 arbitror
1127 1809 1212 1834 esse
1257 1800 1429 1834 contem-

177 1863 361 1900 nendam.

228 1927 355 1965 XLV.
390 1928 473 1962 115.
504 1924 730 1962 Recordare
750 1923 875 1973 igitur
895 1923 1020 1970 illum,
1044 1923 1100 1962 M.
1122 1923 1286 1969 Antoni,
1309 1923 1425 1971 fflem,
1449 1924 1499 1961 45

176 2004 255 2041 quo
286 1990 525 2027 dictaturam
555 1987 776 2035 sustulisti3
814 2000 918 2037 pone
949 1990 1041 2024 ante
1072 1987 1206 2024 oculos
1234 1986 1432 2024 laetitiam

177 2058 340 2092 senatus
371 2052 591 2103 populique
624 2051 820 2099 Romani;
868 2051 1004 2088 confer
1036 2064 1125 2088 cum
1157 2050 1233 2088 hac
1265 2051 1431 2088 immani

176 2117 467 2155 nundinatione
489 2119 561 2153 tua
586 2119 851 2165 tuorumque:
883 2118 969 2151 tum
996 2114 1207 2164 intelleges
1234 2118 1431 2164 quantum

175 2182 280 2220 inter
313 2181 468 2218 lucrum
505 2183 544 2217 et
581 2179 741 2216 laudem
780 2178 949 2216 intersit.
1026 2178 1104 2215 Sed
1144 2178 1344 2226 nimirum,
1386 2185 1468 2227 ut5

175 2246 341 2296 quidam
386 2243 526 2281 morbo
564 2243 699 2292 aliquo
736 2246 775 2280 et
812 2255 950 2279 sensus
988 2246 1150 2292 stupore
1188 2242 1428 2280 suavitatem

176 2310 255 2348 cibi
273 2322 354 2346 non
382 2307 571 2354 sentiunt,
597 2307 650 2343 sic
677 2305 894 2353 libidinosi,
918 2305 1039 2353 avari,
1063 2305 1278 2343 facinorosi
1306 2319 1425 2343 verae

175 2373 306 2412 laudis
326 2375 532 2422 gustatum
551 2383 631 2408 non
650 2369 813 2407 habent.
871 2368 950 2406 Sed
970 2370 1002 2406 si
1021 2373 1060 2406 te
1079 2369 1167 2406 laus
1188 2369 1357 2406 adlicere
1377 2369 1428 2406 ad
