1736 2615
635 160 839 187 Pfflmrric
867 160 911 186 11.
1387 151 1435 186 29

114 252 369 303 Apollinares
393 250 618 290 incredibili
637 251 703 289 M.
721 251 839 288 Bruti
866 250 1016 288 honore
1036 250 1250 289 celebrati?
1296 263 1365 288 cur
1386 250 1433 288 13

115 316 343 368 provinciae
362 315 500 362 Bruto,
518 314 655 353 Cassio
675 314 819 353 datae?
873 328 944 352 cur
962 318 1194 364 quaestores
1213 313 1363 352 additi?

117 393 186 418 cur
214 379 440 430 legatorum
468 391 659 416 numerus
687 377 858 416 auctus?
914 378 1027 428 atqui
1054 377 1153 416 haec
1182 381 1270 416 acta
1296 390 1367 428 per
1394 391 1431 425 15

116 446 179 491 te3
227 456 307 480 non
329 442 456 492 igitur
473 440 704 479 homicidas.
762 440 952 491 Sequitur
972 444 1017 479 ut
1040 441 1276 479 liberatores
1298 444 1368 479 tuo

117 506 275 549 iudicio,
305 504 634 556 quandoquidem
666 504 830 543 tertium
859 504 962 541 nihil
993 508 1125 555 potest
1155 499 1252 542 esse.
1309 507 1368 542 32.

119 569 226 611 Quid
245 570 336 608 est?
391 582 490 606 num
509 568 702 606 conturbo
723 568 793 606 te?
846 581 927 606 non
948 568 1053 605 enim
1072 568 1242 606 fortasse
1258 568 1366 617 satis,

117 645 222 683 quae
255 632 473 670 diiunctius
505 632 704 679 dicuntur,
727 631 941 681 intellegis.
999 630 1077 669 Sed
1106 634 1241 669 tamen
1272 631 1371 669 haec

119 709 275 735 summa
308 699 367 733 est
399 695 663 733 conclusionis
694 707 829 732 meae:
874 694 1066 744 quoniam
1098 694 1244 732 scelere
1276 708 1300 732 a
1329 698 1368 732 te
1391 708 1438 732 zo

118 760 280 798 liberati
297 763 400 806 sunt,
418 759 469 797 ab
486 758 625 797 eodem
641 758 897 809 amplissimis
912 758 1101 808 praemiis
1117 758 1373 808 dignissimos

119 823 329 861 iudicatos.
370 822 519 872 Itaque
538 822 620 859 iam
638 825 775 860 retexo
791 822 1011 860 orationem
1024 834 1173 860 meam:
1197 821 1370 859 scribam

121 887 172 925 ad
201 886 303 935 illos,
325 889 381 934 ut,
406 886 440 923 si
472 885 543 936 qui
574 885 679 923 forte
711 884 820 935 quod
847 898 871 923 a
895 889 935 923 te
966 884 1067 922 mihi
1089 884 1290 922 obiectum
1316 889 1375 923 est

120 953 315 1000 quaerent
334 949 436 988 sitne
455 962 607 995 verum,
628 961 679 986 ne
698 949 761 986 cui
788 951 962 999 negent3
992 948 1139 986 etenim
1166 961 1305 986 vereor
1325 961 1376 985 ne

121 1018 191 1051 aut
211 1013 382 1051 celatum
400 1025 463 1050 me
492 1012 572 1050 illis
600 1012 697 1062 ipsis
722 1024 803 1049 non
827 1012 1040 1050 honestum
1069 1015 1139 1050 aut
1164 1012 1377 1050 invitatum
1399 1026 1441 1060 25

122 1077 319 1127 refugisse
334 1076 435 1114 mihi
450 1076 502 1114 sit
520 1075 808 1126 turpissimum.
849 1075 960 1116 Quae
977 1076 1082 1113 enim
1101 1088 1164 1113 res
1182 1089 1374 1126 unquam,

126 1154 198 1191 pro
238 1144 372 1178 sancte
408 1139 610 1190 Iuppiter!
650 1152 730 1177 non
762 1139 879 1177 modo
915 1140 957 1177 in
993 1139 1068 1177 hac
1103 1139 1204 1178 urbe
1233 1140 1302 1178 sed
1336 1140 1379 1177 in

123 1203 311 1241 omnibus
342 1203 459 1241 terris
486 1207 544 1240 est
574 1206 689 1253 gesta
720 1203 857 1251 maior,
889 1216 994 1252 quae
1024 1203 1244 1253 gloriosior,
1275 1216 1380 1253 quae

124 1267 434 1305 commendatior
473 1267 682 1304 hominum
721 1266 936 1304 memoriae
979 1267 1268 1317 sempiternae?
1329 1267 1381 1304 In

124 1330 245 1368 huius
280 1342 344 1367 me
379 1334 425 1368 tu
460 1329 614 1368 consilii
651 1329 880 1367 societatem
918 1333 1126 1380 tamquam
1157 1331 1200 1367 in
1233 1343 1381 1380 equum
1404 1345 1449 1380 30

126 1394 344 1432 Troianum
377 1406 467 1431 cum
500 1392 750 1443 principibus
779 1393 961 1431 includis.
1019 1397 1080 1432 33.
1110 1394 1203 1431 Non
1230 1407 1378 1443 recuso,

126 1471 203 1508 ago
223 1458 344 1495 etiam
369 1457 532 1507 gratias,
559 1470 721 1506 quoquo
748 1457 881 1495 animo
906 1457 1028 1495 facis:
1059 1461 1174 1496 tanta
1197 1458 1303 1495 enim
1321 1471 1384 1496 res

127 1526 198 1570 est,
229 1524 275 1559 ut
302 1521 496 1559 invidiam
519 1520 648 1568 istam,
678 1533 801 1570 quam
833 1524 878 1558 tu
908 1521 950 1558 in
982 1533 1046 1558 me
1077 1521 1138 1559 vis
1173 1522 1381 1569 concitare,

128 1598 217 1623 cum
253 1584 373 1622 laude
412 1597 493 1621 non
530 1597 768 1634 comparem.
825 1583 933 1625 Quid
970 1584 1075 1622 enim
1103 1585 1263 1623 beatius
1291 1586 1382 1632 illis,

127 1663 229 1699 quos
258 1652 303 1686 tu
340 1648 528 1698 expulsos
565 1661 589 1685 a
626 1652 666 1685 te
701 1648 909 1698 praedicas
947 1652 985 1686 et
1021 1649 1253 1699 relegatos?
1307 1649 1385 1691 Qui
1408 1663 1451 1699 35

127 1713 236 1751 locus
286 1715 345 1749 est
395 1716 464 1749 aut
518 1715 601 1749 tam
653 1712 833 1749 desertus
883 1716 953 1750 aut
1006 1716 1089 1750 tam
1142 1712 1388 1751 inhumanus

127 1776 199 1826 qui
234 1775 334 1823 illos,
364 1787 454 1812 cum
488 1775 734 1822 accesserint,
770 1788 849 1812 non
883 1775 1014 1813 adfari
1047 1780 1167 1826 atque
1200 1777 1388 1827 adpetere

128 1838 340 1878 videatur?
396 1837 474 1879 Qui
502 1838 685 1876 homines
709 1842 793 1876 tam
818 1843 999 1889 agrestes
1023 1840 1094 1889 qui
1123 1853 1174 1887 se,
1205 1853 1294 1878 cum
1322 1854 1388 1879 eos

130 1902 370 1953 aspexerint,
393 1915 474 1939 non
492 1906 713 1939 maximum
732 1902 884 1953 cepisse
902 1903 1008 1940 vitae
1027 1903 1202 1941 fructum
1220 1905 1389 1954 putent?

130 1966 244 2008 Quae
268 1979 362 2004 vero
387 1969 471 2003 tam
496 1966 704 2003 immemor
726 1966 950 2016 posteritas,
973 1980 1077 2016 quae
1100 1971 1184 2005 tam
1206 1968 1389 2018 ingratae
1410 1983 1459 2018 40

130 2029 288 2067 litterae
324 2029 574 2079 reperientur
605 2041 710 2078 quae
747 2041 883 2066 eorum
913 2029 1083 2080 gloriam
1115 2043 1195 2068 non
1231 2032 1390 2070 immor-

133 2092 303 2130 talitatis
327 2092 520 2129 memoria
543 2093 870 2142 prosequantur?
935 2093 996 2130 Tu
1027 2106 1121 2132 vero
1148 2095 1301 2133 ascribe
1328 2109 1392 2134 me

131 2156 253 2194 talem
282 2155 324 2193 in
353 2168 577 2193 numerum.
633 2155 752 2195 XIV.
784 2159 846 2194 34.
879 2155 958 2194 Sed
980 2170 1104 2195 unam
1133 2171 1218 2196 rem
1250 2173 1389 2198 vereor
1412 2159 1460 2198 14

132 2232 183 2257 ne
201 2232 280 2256 non
300 2219 468 2270 probes:
500 2219 533 2256 si
553 2219 659 2256 enim
677 2219 719 2256 in
738 2219 788 2257 iis
806 2220 982 2268 fuissem,
1006 2234 1087 2259 non
1107 2222 1235 2260 solum
1255 2236 1391 2274 regem

133 2282 203 2320 sed
219 2283 337 2320 etiam
356 2295 526 2332 regnum
546 2281 595 2319 de
614 2295 656 2319 re
674 2282 837 2333 publica
857 2284 1107 2322 sustulissem
1123 2300 1131 2333 ;
1162 2290 1211 2334 et,
1228 2287 1262 2324 si
1280 2300 1393 2327 meus

135 2345 250 2386 stilus
268 2345 336 2384 ille
355 2346 509 2395 fuisset,
528 2349 574 2384 ut
593 2345 748 2395 dicitur,
766 2346 866 2386 mihi
885 2348 999 2387 crede
1017 2361 1097 2388 non
1117 2350 1245 2389 solum
1264 2364 1389 2392 unum
