1736 2615
206 154 253 190 20

229 252 254 291 4

233 394 250 429 5

213 711 256 735 10

214 1027 252 1062 ¹5

211 1345 257 1369 ΖΟ

211 1981 256 2015 30

214 2297 255 2334 35

783 162 932 190 CICERO.

274 253 534 291 humanitatis
566 266 707 303 expers
737 257 776 291 et
807 253 913 291 vitae
945 252 1164 291 communis
1201 253 1389 304 ignarus:
1431 253 1522 304 quis

275 317 379 354 enim
398 330 576 367 unquam
599 317 669 366 qui
688 316 854 367 paulum
879 316 996 354 modo
1021 316 1169 354 bonam
1195 317 1522 356 consuetudinem

274 384 416 428 nosset,
439 380 592 418 litteras
612 380 663 417 ad
683 392 724 417 se
744 379 794 417 ab
815 380 941 417 amico
970 380 1110 417 missas
1139 379 1357 418 offensione
1386 380 1524 431 aliqua

273 444 508 493 interposita
544 443 585 479 in
621 442 797 479 medium
838 443 1004 492 protulit
1050 443 1265 493 palamque
1310 443 1524 482 recitavit?

275 505 381 547 Quid
401 510 459 543 est
487 505 597 543 aliud
627 505 765 543 tollere
796 519 845 543 ex
874 506 957 543 vita
986 506 1093 544 vitae
1123 506 1362 553 societatem,
1385 506 1524 545 tollere

274 570 490 607 amicorum
533 569 730 618 colloquia
768 569 1025 607 absentium?
1099 568 1229 610 Quam
1266 570 1394 608 multa
1438 570 1524 608 ioca

276 633 402 670 solent
439 645 523 670 esse
559 633 601 669 in
639 632 830 683 epistuliS,
865 646 969 682 quae
998 632 1156 683 prolata
1194 633 1226 671 si
1265 633 1355 682 sint,
1388 633 1526 684 inepta

276 697 510 735 videantur!
569 696 698 738 Quam
717 696 845 734 multa
865 696 967 734 seria
990 709 1120 746 neque
1144 700 1279 734 tamen
1302 696 1384 734 ullo
1407 697 1525 734 modo

275 760 547 810 divolganda‘?
604 763 639 797 8.
671 759 731 797 Sit
749 760 823 797 1100
842 759 1148 797 inhumanitatis
1167 763 1279 798 tuae:
1313 760 1525 798 stultitiam

275 823 548 861 incredibilem
572 823 714 861 videte.
773 822 880 864 Quid
909 823 1035 861 habes
1064 822 1172 873 quod
1201 823 1300 860 mihi
1330 836 1520 874 opponas,

274 887 393 924 homo
413 887 569 935 diserte,
589 891 633 924 ut
652 886 850 924 Mustelae
869 890 1005 923 tamen
1025 886 1115 924 Seio
1132 890 1170 924 et
1184 887 1320 924 Tironi
1340 887 1525 925 Numisio

274 950 452 988 videris?
491 951 561 1000 qui
581 964 669 987 cum
688 950 762 987 1100
781 950 866 1000 ipso
886 954 1063 1000 tempoxe
1084 954 1189 988 stent
1209 964 1297 988 cum
1317 950 1464 1000 gladiis
1483 950 1525 988 in

276 1017 487 1063 conspectu
516 1018 689 1061 senatus,
719 1027 792 1063 ego
820 1026 981 1063 quoque
1009 1018 1047 1051 te
1076 1014 1269 1051 disertum
1297 1014 1460 1064 putabo,
1494 1014 1526 1051 si

276 1077 496 1114 ostenderis
522 1090 601 1127 quo
627 1077 743 1114 modo
770 1077 823 1114 sis
850 1089 915 1114 eos
940 1077 1044 1114 inter
1074 1078 1236 1114 sicarios
1266 1077 1522 1114 defensurus:

275 1141 398 1178 —sed
423 1140 521 1190 quid
547 1154 725 1191 opponas
749 1140 923 1189 tandem,
948 1140 980 1178 si
1006 1153 1150 1190 negem
1177 1153 1240 1177 me
1269 1154 1448 1190 unquam
1476 1140 1527 1178 ad

275 1208 315 1242 te
342 1205 439 1241 istas
467 1204 622 1241 litteras
649 1204 835 1242 misisse?
872 1217 952 1254 quo
980 1217 1043 1241 me
1072 1207 1171 1241 teste
1200 1204 1438 1242 convincas?
1476 1217 1527 1241 an

276 1267 638 1317 chirographo—in
663 1280 743 1317 quo
769 1266 895 1304 habes
925 1267 1131 1305 scientiam
1161 1268 1527 1317 quaestuosam—fi?

278 1331 348 1380 qui
384 1331 541 1381 possis?
597 1335 689 1368 sunt
722 1331 827 1368 enim
863 1330 1018 1368 librarii
1055 1344 1190 1368 manu.
1249 1331 1338 1368 Iam
1370 1331 1527 1368 invideo

276 1395 468 1444 magistro
500 1399 580 1442 tuo,
622 1394 692 1444 qui
734 1398 774 1432 te
816 1398 931 1432 tanta
973 1394 1164 1442 mercede,
1207 1398 1401 1443 quantam
1447 1394 1528 1432 iam

276 1458 489 1508 proferam,
535 1457 637 1494 nihil
681 1470 819 1507 sapere
862 1457 1012 1495 doceat.
1100 1461 1135 1495 9.
1176 1456 1282 1498 Quid
1319 1458 1424 1494 enim
1470 1461 1528 1495 est

276 1522 409 1559 minus
436 1535 516 1559 non
537 1521 622 1558 dico
646 1521 826 1569 oratoris,
850 1521 918 1558 sed
946 1521 1130 1568 hominis,
1155 1534 1276 1570 quam
1304 1521 1345 1558 id
1373 1521 1528 1558 obicere

279 1585 515 1633 adversario,
539 1585 648 1634 quod
671 1585 738 1621 ille
759 1585 791 1622 si
810 1584 932 1623 verbo
960 1585 1128 1634 negarit,
1152 1585 1312 1634 longius
1340 1584 1527 1634 progredi

278 1662 357 1686 non
386 1649 511 1699 possit
541 1649 611 1698 qui
643 1648 864 1687 obiecerit?
906 1652 948 1685 at
979 1661 1052 1697 ego
1083 1661 1161 1685 11011
1192 1661 1306 1697 nego,
1339 1651 1458 1697 teque
1486 1648 1527 1684 in

278 1713 353 1749 isto
382 1713 468 1762 ipso
497 1713 685 1750 convinco
713 1726 793 1749 non
821 1712 1127 1749 inhumanitatis
1156 1711 1283 1748 solum
1312 1711 1380 1748 sed
1408 1711 1528 1748 etiam

279 1777 486 1813 amentiae.
559 1775 675 1816 Quod
717 1775 823 1812 enim
863 1775 1030 1813 verbum
1072 1775 1113 1811 in
1156 1775 1242 1812 istis
1285 1774 1428 1811 litteris
1471 1777 1529 1811 est

278 1853 358 1876 11011
386 1840 549 1889 plenum
577 1839 852 1887 humanitatis,
879 1839 1006 1886 officii,
1037 1838 1374 1876 benevolentiae?
1412 1850 1528 1874 omne

279 1907 413 1940 autem
438 1903 586 1939 crimen
612 1906 727 1939 tuum
754 1906 823 1950 est,
847 1901 955 1951 quod
981 1902 1030 1938 de
1058 1905 1096 1938 te
1126 1901 1166 1938 in
1194 1901 1257 1938 his
1285 1900 1429 1938 litteris
1448 1913 1528 1937 non

277 1967 381 2004 male
428 1966 662 2013 existimem,
704 1965 812 2015 quod
849 1965 1019 2003 scribam
1057 1968 1264 2014 tamquam
1302 1964 1353 2001 ad
1389 1964 1524 2011 civem,

278 2034 483 2079 tamquam
504 2029 554 2066 ad
573 2028 724 2065 bonum
740 2029 880 2076 virum,
900 2041 980 2065 non
1000 2031 1206 2077 tamquam
1225 2027 1276 2064 ad
1295 2027 1528 2064 sceleratum

279 2098 317 2131 et
345 2093 552 2130 latronem.
611 2091 666 2129 At
695 2104 769 2141 ego
798 2095 888 2129 tuas
917 2091 1083 2138 litteras,
1108 2090 1181 2128 etsi
1201 2091 1287 2128 iure
1308 2095 1486 2140 poteram
1505 2103 1528 2127 a

277 2162 316 2195 te
335 2156 552 2204 lacessitus,
576 2160 711 2193 tamen
730 2168 810 2192 non
829 2154 1030 2205 proferam
1050 2169 1057 2191 :
1089 2154 1239 2203 quibus
1257 2154 1360 2204 petis
1380 2157 1424 2190 ut
1452 2152 1528 2190 tibi

278 2233 350 2271 per
368 2232 430 2257 me
449 2219 566 2256 liceat
585 2218 787 2268 quendam
815 2218 864 2255 de
893 2218 1032 2255 exsilio
1061 2217 1260 2263 reducere,
1284 2216 1528 2265 adiurasque

279 2284 319 2321 id
346 2288 385 2321 te
413 2283 537 2320 invito
566 2295 627 2318 me
656 2295 736 2318 11011
765 2294 849 2317 esse
877 2281 1101 2327 facturum3
1133 2280 1252 2329 idque
1273 2294 1296 2317 a
1316 2292 1378 2317 me
1404 2280 1527 2330 impe-

279 2347 419 2389 uasti:
469 2345 567 2401 quid
613 2345 717 2381 enim
754 2358 816 2381 me
854 2344 1145 2398 interponerem
1184 2342 1372 2384 audaciae
1418 2347 1521 2393 tuae,
