1736 2615
227 163 270 198 18
796 168 944 196 CICERO.

247 263 266 301 1
287 262 363 301 nisi
392 261 491 300 mihi
520 264 623 299 esset
655 259 850 298 inimicus.
909 263 944 297 3.
969 258 1042 297 Cui
1067 258 1302 309 priusquam
1325 258 1373 297 de
1401 259 1540 297 ceteris

227 340 269 375 25
292 326 413 364 rebus
431 324 661 375 respondeo,
686 323 734 360 de
759 323 943 370 amicitia,
967 335 1089 372 quam
1109 335 1132 359 a
1151 335 1214 359 me
1236 321 1426 360 violatam
1455 335 1539 360 esse

290 389 521 428 criminatus
552 392 620 436 est,
651 386 759 436 quod
792 399 866 436 ego
899 386 1182 435 gravissimum
1214 385 1362 423 crimen
1394 385 1535 433 iudico,

290 466 417 504 pauca
437 452 577 489 dicam.

247 517 270 555 2
342 517 400 554 Π.
432 515 579 553 Contra
616 527 700 551 rem
741 527 854 551 suam
896 526 960 550 me
1002 513 1133 550 nescio
1179 513 1339 563 quando
1384 512 1539 552 venisse

292 582 456 630 questus
483 581 552 615 est.
609 576 675 614 An
702 589 775 627 ego
800 590 880 614 non
900 577 1078 613 venirem
1104 579 1241 614 contra
1267 576 1442 614 alienum
1468 589 1540 626 pro

293 641 485 680 familiari
512 644 550 679 et
579 640 829 678 necessario?
884 640 977 677 Non
1002 640 1179 677 venirem
1204 644 1341 678 contra
1369 640 1539 690 gratiam

292 719 373 744 non
392 704 551 744 virtutis
572 717 641 754 spe
662 704 731 741 sed
750 703 894 741 aetatis
918 703 1013 741 flore
1039 703 1273 741 collectam?
1319 703 1413 741 Non
1431 702 1539 740 veni-

251 783 268 818 5
292 782 375 807 rem
395 772 531 806 contra
550 767 751 816 iniuriam,
774 780 896 816 quam
919 767 992 804 iste
1012 767 1282 804 intercessoris
1301 766 1541 816 iniquissimi

293 832 484 870 beneficio
504 831 689 878 obtinuit,
713 843 793 867 non
812 830 898 867 iure
918 830 1146 880 praetorio?
1203 830 1280 868 Sed
1305 830 1379 867 hoc
1398 830 1541 867 idcirco

294 899 643 934 commemoratum
663 907 686 931 a
706 897 744 931 te
763 897 871 944 puto,
895 897 940 930 ut
959 898 998 931 te
1024 893 1159 931 infimo
1188 894 1317 931 ordini
1345 906 1540 931 commen-

293 960 419 1005 dares,
456 972 545 997 cum
576 971 713 995 omnes
744 961 782 995 te
813 957 1115 995 recordarentur
1143 957 1321 995 libertini
1348 970 1541 1007 generum

294 1028 332 1062 et
368 1023 515 1061 liberos
568 1026 658 1059 tuos
717 1024 883 1071 nepotes
941 1020 1120 1058 libertini
1177 1021 1350 1058 hominis
1404 1020 1539 1058 fuisse.

231 1102 272 1125 10
293 1087 347 1124 At
373 1086 479 1123 enim
511 1089 550 1123 te
578 1086 620 1122 in
650 1084 901 1134 disciplinam
929 1097 1059 1121 meam
1091 1084 1459 1122 t1·adideras-'na1n
1486 1083 1543 1121 ita

294 1150 505 1197 dixisti—3
561 1149 723 1185 domum
759 1160 890 1185 meam
933 1148 1165 1186 ventitaras.
1239 1148 1301 1185 Ne
1338 1152 1393 1195 tu,
1435 1147 1467 1184 si
1502 1146 1544 1183 id

296 1213 468 1259 fecisses,
508 1212 652 1249 melius
684 1212 829 1260 famae,
862 1211 1005 1249 melius
1036 1211 1253 1261 pudicitiae
1279 1215 1372 1248 tuae
1404 1223 1542 1248 consu-

293 1277 447 1315 luisses.
504 1276 583 1314 sed
613 1288 744 1324 neque
769 1274 899 1312 fecisti
927 1288 1009 1321 nec,
1043 1275 1075 1312 si
1103 1288 1278 1325 cuperes,
1302 1275 1377 1312 tibi
1405 1274 1447 1311 id
1473 1287 1545 1325 per

298 1341 340 1379 O.
369 1340 581 1378 Curionem
602 1339 732 1376 facere
752 1338 938 1375 licuisset.
996 1341 1030 1377 4.
1054 1337 1291 1388 Auguratus
1310 1338 1545 1388 petitionem

234 1418 272 1452 15
296 1403 395 1441 mihi
418 1407 457 1441 te
483 1402 721 1440 concessisse
748 1401 895 1438 dixisti.
954 1401 985 1439 O
1014 1401 1290 1438 incredibilem
1314 1400 1544 1439 audaciam!

298 1467 330 1505 O
349 1466 641 1516 impudentiam
669 1464 1001 1515 praedicandam!
1059 1464 1146 1507 Quo
1168 1465 1272 1502 enini
1292 1468 1469 1515 tempore
1483 1477 1546 1502 me

297 1543 492 1580 augurem
525 1543 548 1566 a
578 1532 661 1566 toto
698 1528 865 1578 collegio
905 1529 1125 1578 expetitum
1159 1529 1229 1566 Cn.
1261 1529 1476 1579 Pompeius
1509 1532 1546 1566 et

298 1594 345 1634 Q.
398 1592 642 1630 Hortensius
697 1592 1131 1629 nominaverunt—nec
1184 1592 1289 1629 enim
1334 1592 1480 1630 licebat
1524 1605 1547 1629 a

298 1657 483 1707 pluribus
514 1655 812 1693 nominari—tu
842 1668 913 1692 nec
945 1656 1132 1693 solvendo
1171 1669 1258 1692 eras
1294 1669 1365 1693 nec
1398 1660 1436 1693 te
1465 1655 1547 1692 ullo

232 1735 276 1758 zo
296 1720 414 1758 modo
444 1719 521 1757 nisi
555 1732 691 1757 eversa
724 1731 765 1755 re
796 1718 957 1768 publiea
987 1719 1072 1756 fore
1103 1719 1339 1756 incolumem
1361 1719 1546 1769 putabas,

299 1785 466 1822 Poteras
493 1787 627 1821 autem
659 1796 703 1820 eo
731 1787 908 1834 tempore
936 1786 1178 1833 auguratum
1207 1787 1354 1832 petere,
1389 1796 1478 1820 cum
1507 1784 1548 1820 in

300 1847 422 1885 Italia
452 1846 495 1885 O.
528 1846 647 1884 Curio
674 1860 753 1884 non
786 1847 917 1884 essct?
972 1846 1055 1883 Aut
1085 1850 1182 1894 tum,
1220 1860 1308 1883 oum
1335 1859 1375 1883 es
1404 1847 1544 1896 factus,

300 1925 423 1949 unam
437 1910 588 1947 tribum
605 1911 688 1947 sine
705 1910 876 1948 Curione
891 1911 996 1948 ferre
1015 1910 1210 1960 potuisses
1226 1910 1242 1947 P
1292 1909 1414 1948 Cuius
1431 1911 1550 1948 etiam

299 1974 520 2013 familiares
567 1973 616 2010 de
652 1974 692 2011 vi
729 1974 981 2011 condemnati
1031 1977 1134 2021 sunt,
1175 1974 1282 2022 quod
1328 1974 1386 2011 tui
1431 1975 1551 2012 nimis

257 2038 280 2077 3
299 2037 466 2076 studiosi
496 2037 678 2075 fuissent.
736 2037 819 2074 ΠΙ.
852 2041 885 2074 5.
915 2037 971 2075 At
995 2036 1187 2074 beneficio
1222 2050 1309 2074 sum
1338 2041 1406 2074 tuo
1439 2051 1548 2076 usus.

302 2098 419 2140 Quo?
466 2111 712 2147 quamquam
764 2098 864 2134 illud
908 2098 1051 2147 ipsum,
1102 2097 1209 2146 quod
1253 2111 1546 2146 commemoras,

302 2171 456 2208 semper
480 2171 575 2208 prae
605 2171 668 2195 me
700 2158 801 2195 tuli:
854 2158 980 2195 malui
1009 2171 1072 2194 me
1102 2158 1175 2195 tibi
1199 2158 1344 2195 debere
1374 2159 1551 2196 confiteri

301 2236 423 2271 quam
451 2221 637 2270 cuiquam
657 2221 790 2258 minus
816 2220 1004 2271 prudenti
1028 2234 1107 2258 non
1132 2221 1228 2258 satis
1251 2225 1391 2271 gratus
1409 2221 1548 2260 videri.

263 2299 279 2334 5
305 2285 380 2322 Sed
401 2298 480 2334 quo
500 2284 720 2321 bmwfivio?
778 2283 893 2324 Quod
919 2296 981 2320 nie
1008 2283 1211 2320 Brundisii
1237 2297 1315 2320 non
1336 2285 1552 2322 occideris?

308 2353 432 2392 Quem
467 2348 550 2403 ipse
587 2348 723 2397 victor,
759 2347 829 2402 qui
860 2347 946 2399 tibi,
979 2350 1025 2385 ut
1056 2350 1142 2388 tute
1179 2347 1343 2397 gloriari
1381 2348 1548 2398 solebas,
