1736 2615
688 183 889 208 1‘111LL1P10
916 183 960 209 11.
1438 171 1484 207 47

166 276 451 324 diceret‚—sed
482 288 572 312 cum
603 274 749 312 Caesar
781 273 838 310 ita
871 272 1047 320 dixisset,
1079 277 1166 311 tum
1193 272 1257 310 hic
1285 272 1415 309 bonus
1435 271 1485 310 32

167 352 297 389 augur
317 351 362 375 eo
384 351 424 375 se
446 337 663 375 sacerdotio
689 335 919 387 praeditum
938 348 1022 373 esse
1042 335 1155 382 dixit,
1186 338 1231 372 ut
1258 334 1418 372 comitia

166 402 354 452 auspiciis
381 401 445 438 vel
473 400 667 450 impedire
692 399 755 436 vel
780 399 922 437 vitiare
948 402 1093 448 posset,
1122 398 1243 447 idque
1271 410 1311 435 se
1336 398 1416 435 fac-

166 469 300 502 turum
329 477 413 502 esse
442 462 701 501 adseveravit.
762 462 813 499 In
838 475 918 512 quo
944 462 1118 511 primum
1143 460 1417 498 incredibilem

167 527 444 578 stupiditatem
498 525 673 564 hominis
724 525 959 575 cognoscite.
1033 527 1094 561 81.
1126 523 1233 565 Quid.
1279 523 1415 561 enim?
1439 538 1455 560 z
1464 536 1481 572 5

165 590 292 637 Istud,
325 589 433 640 quod
465 592 505 627 te
538 588 747 626 sacerdotii
779 588 866 625 iure
895 588 1027 625 facere
1057 600 1172 637 posse
1200 587 1348 635 dixisti,
1382 587 1416 624 si

167 667 298 704 augur
324 666 405 690 non
433 665 539 690 esses
568 656 607 689 et
634 651 771 689 consul
799 664 915 698 esses,
945 651 1078 688 minus
1105 650 1237 688 facere
1266 650 1415 700 potuis-

166 717 257 755 ses?
323 716 427 755 Vide
446 728 496 753 ne
517 715 638 753 etiam
662 715 834 752 facilius.
890 714 975 751 Nos
995 714 1101 751 enim
1123 714 1417 751 nuntiationem

167 780 295 818 solum
319 779 528 827 habemus,
551 778 732 816 consules
762 781 802 815 et
830 777 976 827 reliqui
1005 776 1267 827 magistratus
1297 777 1418 815 etiam

167 843 420 894 spectionem.
495 843 604 890 Esto,
645 841 719 879 hoc
756 841 1067 891 imperite—nec
1111 840 1216 877 enim
1262 844 1322 878 est
1366 840 1418 878 ab
1441 854 1487 890 30

167 906 327 944 homine
357 919 567 955 nunquam
598 905 729 943 sobrio
760 904 1002 955 postulanda
1034 903 1320 954 prudentia—;
1350 904 1420 942 sed

167 970 299 1008 videte
331 969 653 1020 impudentiam:
689 968 827 1006 multis
855 972 948 1006 ante
976 967 1183 1005 mensibus
1209 967 1251 1005 in
1278 971 1420 1005 senatu

167 1034 270 1072 dixit
290 1046 331 1072 se
350 1033 588 1071 Dolabellae
616 1032 776 1070 comitia
804 1036 875 1070 aut
902 1031 1202 1082 prohibiturum
1232 1032 1420 1082 auspiciis

169 1102 239 1136 aut
258 1098 299 1135 id
317 1097 519 1135 facturum
540 1110 635 1145 esse,
655 1096 764 1146 quod
782 1096 888 1134 fecit.
946 1095 1220 1146 Quisquamne
1240 1096 1420 1133 divinare

167 1165 298 1212 potest
331 1160 430 1211 quid
454 1160 542 1199 vitii
571 1161 612 1197 in
641 1160 829 1210 auspiciis
859 1160 1044 1197 futurum
1073 1160 1134 1208 sit,
1164 1160 1241 1197 nisi
1272 1160 1343 1209 qui
1371 1159 1419 1197 de
1442 1171 1485 1208 35

167 1225 276 1263 caelo
296 1237 454 1263 servare
474 1224 679 1262 constituit
695 1229 711 1261 ’ί
768 1223 884 1265 Quod
904 1236 1034 1273 neque
1053 1223 1146 1261 licet
1164 1224 1335 1261 comitiis
1349 1236 1420 1274 per

168 1289 290 1339 leges,
313 1293 363 1337 et,
388 1288 421 1326 si
440 1288 510 1337 qui
533 1288 719 1335 servavit,
745 1301 825 1325 11011
855 1287 1026 1326 comitiis
1049 1287 1211 1334 habitis,
1242 1287 1310 1324 sed
1339 1289 1418 1338 pri-

169 1366 340 1402 usquam
369 1352 607 1399 habeantur,
640 1352 760 1389 debet
788 1351 990 1389 nuntiare.
1037 1351 1188 1391 Verum
1219 1351 1417 1402 implicata

169 1416 361 1454 nscientiz⁴
388 1416 641 1467 impudentia
670 1419 751 1454 est:
784 1428 856 1453 nec
882 1416 955 1453 scit
981 1415 1088 1464 quod
1117 1428 1314 1466 augurem
1343 1428 1415 1453 nec

169 1480 265 1519 facit
297 1480 406 1530 quod
437 1480 656 1531 pudentem
692 1479 815 1517 decet.
892 1483 953 1517 62.
988 1479 1132 1529 Itaque
1169 1492 1218 1516 ex
1249 1479 1317 1516 illo
1355 1479 1419 1516 die
1442 1493 1487 1520 40

171 1543 435 1582 recordamini
467 1544 552 1581 eius
576 1556 705 1593 usque
731 1543 781 1581 ad
807 1543 907 1580 Idus
937 1543 1105 1580 Martias
1139 1543 1416 1581 consulatum:

170 1608 261 1658 quis
292 1620 473 1657 unquam
511 1607 711 1658 apparitor
754 1610 835 1644 tam
871 1606 1047 1652 humilis,
1088 1611 1170 1644 tam
1215 1606 1422 1644 abiectus?

170 1671 286 1710 Nihil
310 1671 395 1722 ipse
424 1675 603 1721 poterat3
634 1670 768 1708 omnia
800 1670 993 1720 rogabat3
1021 1673 1141 1720 caput
1170 1669 1209 1707 in
1241 1683 1420 1708 aversam

170 1735 350 1774 lecticam
385 1735 576 1782 inserens,
610 1734 805 1772 beneficia
841 1747 946 1784 quae
983 1732 1174 1772 venderet
1210 1748 1234 1771 a
1270 1733 1424 1784 collega

170 1798 346 1850 petebat.
403 1798 618 1836 XXXIII.
650 1798 750 1836 Ecce
778 1797 1016 1836 Dolabellae
1044 1798 1296 1836 comitiorum
1324 1798 1420 1835 dies.
1443 1796 1493 1835 33

173 1863 327 1901 sortitio
356 1863 689 1912 praerogativae:
730 1862 909 1911 quiescit.
975 1862 1273 1900 Renuntiatur:
1304 1865 1421 1899 tacet.

172 1927 309 1964 Prima
347 1926 485 1964 classis
520 1930 697 1972 vocatur,
747 1926 1025 1973 renuntiatur3
1086 1925 1230 1962 deinde
1266 1926 1339 1974 VI,
1379 1929 1425 1962 ut

173 1990 336 2039 adsolet,
363 1990 559 2040 suffragia
574 2005 583 2038 3
627 1993 714 2027 tum
733 1989 908 2027 secunda
926 1989 1063 2027 classis
1089 1993 1277 2037 vocatur3
1320 2002 1425 2039 quae

173 2054 307 2092 omnia
327 2058 421 2091 sunt
440 2054 555 2092 citius
573 2053 680 2091 facta
700 2066 822 2102 quam
842 2053 948 2091 dixi:
983 2056 1043 2091 83.
1065 2054 1243 2091 consecto
1263 2053 1425 2104 negotio
1447 2066 1465 2101 5

173 2118 305 2156 bonus
335 2117 562 2167 augur-C.
590 2117 774 2154 Laelium
803 2117 1129 2155 diceres—“alio
1158 2117 1257 2155 die'’
1280 2117 1423 2166 inquit.

174 2180 207 2219 O
243 2180 537 2232 impudentiam
578 2180 848 2231 singularem!
917 2181 1015 2230 quid
1064 2181 1252 2219 videras?
1328 2180 1427 2230 quid

175 2245 388 2283 senseras?
443 2244 542 2294 quid
574 2244 789 2282 audieras?
856 2244 999 2294 Neque
1030 2244 1136 2282 enim
1168 2249 1207 2282 te
1237 2245 1286 2282 de
1318 2244 1427 2282 caelo

175 2321 353 2346 servasse
384 2308 522 2346 dixisti
558 2321 630 2346 nec
670 2308 788 2346 hodie
825 2308 935 2347 dicis.
1009 2308 1059 2345 Id
1100 2309 1226 2358 igitur
1264 2308 1427 2345 obvenit

174 2372 328 2420 vitium,
356 2372 465 2422 quod
493 2375 539 2410 tu
568 2372 648 2409 iam
674 2371 872 2410 Kalendis
896 2372 1099 2410 Ianuariis
1126 2372 1310 2409 futurum
1337 2384 1422 2409 esse
1447 2385 1492 2410 ιο
