1736 2615
658 224 859 250 P111L1rr10
887 224 930 250 11.
1408 216 1456 250 35

188 320 250 353 48.
280 316 454 354 Intimus
469 319 555 353 erat
573 315 616 352 in
631 314 842 353 tribunatu
861 314 1011 364 Clodio,
1029 315 1099 365 qui
1116 329 1189 354 sua
1209 329 1305 366 erga
1323 329 1387 354 me
1409 316 1457 356 19

135 379 329 418 beneficia
357 382 647 426 commemorat,
672 379 757 416 eius
785 378 963 416 omnium
991 379 1265 417 incendiorum
1293 380 1385 427 fax;

136 443 249 482 cuius
269 443 390 481 etiam
409 442 517 480 domi
535 442 616 479 iam
638 446 725 479 tum
748 442 941 492 quiddam
972 443 1134 481 molitus
1165 446 1235 481 est.
1280 443 1386 485 Quid
1414 457 1451 492 15

136 507 265 545 dicam
287 507 371 557 ipse
403 506 551 556 optime
581 505 793 555 intellegit.
849 505 952 543 Inde
985 507 1060 544 iter
1088 506 1387 545 Alexandream

137 574 274 608 contra
312 573 474 607 senatus
504 569 793 617 auctoritatem,
827 574 963 607 contra
1000 583 1084 607 rem
1120 570 1324 620 publicam
1349 574 1388 608 et

136 634 376 684 religiones3
433 632 501 670 sed
546 632 725 670 habebat
769 632 910 671 ducem
948 633 1177 682 Gabinium,
1227 635 1388 684 quicum

137 697 297 748 quidvis
316 697 534 734 rectissime
554 696 685 733 facere
700 700 844 746 posset.
903 696 981 737 Qui
1000 701 1087 735 tum
1115 698 1207 735 inde
1236 698 1388 736 reditus

138 765 208 799 aut
245 760 407 809 qualis?
461 759 580 796 Prius
612 759 655 796 in
691 759 875 796 ultimam
909 760 1083 798 Galliam
1121 774 1169 798 ex
1201 760 1387 812 Aegypto
1411 775 1456 799 20

137 837 260 874 quam
280 824 454 861 domum.
511 822 624 864 Quae
644 826 779 860 autem
801 823 972 862 domus?
1001 838 1114 862 suam
1145 825 1251 862 enim
1281 826 1387 875 quis-

137 900 216 937 que
262 887 425 924 domum
470 890 557 924 tum
602 886 812 924 obtinebat
847 900 920 925 nec
966 891 1052 925 erat
1096 901 1267 938 usquam
1304 893 1386 928 tua.

138 951 313 989 Domum
347 950 463 988 dico?
502 950 600 1000 quid
631 954 716 988 erat
748 951 791 988 in
823 951 941 989 terris
972 951 1043 989 ubi
1076 951 1118 989 in
1147 956 1217 990 tuo
1246 952 1390 1003 pedem

138 1028 307 1066 poneres
325 1018 484 1065 praeter
503 1027 629 1052 unum
656 1014 871 1064 Misenum,
903 1016 1011 1065 quod
1030 1029 1118 1053 cum
1147 1016 1262 1054 sociis
1289 1021 1388 1054 tam-

138 1093 259 1129 quam
290 1078 525 1129 Sisaponem
554 1078 750 1117 tenebas?
803 1079 901 1116 XX.
934 1082 994 1118 49.
1029 1080 1184 1119 Venisti
1211 1093 1231 1117 e
1257 1080 1390 1119 Gallia
1409 1080 1460 1119 20

138 1143 189 1180 ad
221 1146 480 1192 quaesturam
517 1142 746 1192 petendam.
803 1142 920 1181 Aude
955 1143 1083 1181 dicere
1122 1148 1161 1182 te
1198 1144 1311 1194 prius
1339 1144 1390 1182 ad

138 1210 346 1257 parentem
364 1210 477 1243 tuam
495 1206 651 1243 venisse
680 1219 803 1256 quam
831 1206 882 1244 ad
909 1220 984 1244 me.
1040 1206 1282 1258 Acceperam
1310 1208 1390 1245 iam

139 1274 231 1308 ante
252 1269 434 1307 Caesaris
459 1269 624 1317 litteras,
647 1273 693 1307 ut
720 1270 819 1307 mihi
849 1270 946 1308 satis
972 1270 1059 1308 fieri
1087 1274 1246 1321 paterer
1274 1284 1297 1308 a
1325 1275 1389 1319 te;

138 1334 274 1383 itaque
289 1346 340 1370 ne
358 1333 469 1383 loqui
489 1333 654 1383 quidem
670 1346 757 1371 sum
776 1337 816 1371 te
835 1347 978 1384 passus
997 1334 1046 1372 de
1062 1335 1205 1385 gratia.
1244 1335 1390 1373 Postea
1412 1349 1428 1383 5

138 1410 226 1436 sum
245 1397 376 1435 cultus
395 1410 419 1434 a
437 1400 488 1445 te,
511 1401 557 1435 tu
576 1410 600 1435 a
623 1409 688 1434 me
710 1397 945 1436 observatus
970 1398 1012 1435 in
1037 1398 1229 1448 petitione
1249 1412 1389 1448 quaes-

139 1465 278 1508 turae;
319 1474 398 1510 quo
436 1460 601 1509 quidem
629 1464 808 1511 tempore
845 1462 891 1499 P.
928 1461 1112 1500 Clodium
1143 1462 1390 1513 approbante

138 1524 287 1575 populo
314 1523 498 1562 Romano
531 1524 573 1561 in
604 1524 692 1562 foro
729 1537 771 1563 es
800 1529 965 1563 conatus
998 1525 1185 1572 occidere,
1221 1539 1391 1576 cumque

140 1601 227 1626 eam
245 1600 330 1625 rem
348 1591 420 1626 tua
440 1591 581 1638 sponte
600 1601 799 1636 conarere,
821 1602 902 1626 non
930 1589 1106 1639 impulsu
1133 1602 1232 1638 meo,
1256 1594 1391 1628 tamen

139 1652 196 1690 ita
231 1651 504 1702 praedicabas,
546 1655 585 1690 te
622 1665 702 1690 non
733 1652 974 1701 existimare,
1009 1653 1087 1691 nisi
1123 1653 1238 1691 illum
1267 1653 1388 1691 inter·
1416 1667 1459 1691 10

139 1715 311 1763 fecisses,
335 1728 517 1765 unquam
535 1715 634 1752 mihi
654 1729 725 1766 pro
745 1716 826 1754 tuis
845 1716 887 1753 in
906 1729 968 1754 me
996 1716 1154 1755 iniuriis
1182 1717 1278 1755 satis
1307 1729 1391 1755 esse

139 1779 351 1817 facturum.
407 1779 458 1815 In
478 1792 557 1828 quo
578 1779 751 1817 demiror
781 1793 850 1817 cur
875 1780 1067 1818 Milonem
1097 1780 1272 1831 impulsu
1302 1794 1390 1818 meo

139 1855 223 1880 rem
243 1841 352 1879 illam
374 1841 504 1892 egisse
534 1842 652 1890 dicas,
690 1856 780 1880 cum
812 1847 851 1881 te
883 1843 989 1881 ultro
1022 1844 1123 1880 mihi
1152 1844 1259 1881 idem
1292 1844 1393 1881 illud

140 1906 386 1943 deferentem
415 1919 625 1955 nunquam
659 1907 733 1943 sim
767 1907 1026 1955 adhortatus;
1057 1908 1260 1957 quoniam,
1290 1908 1321 1945 si
1351 1908 1393 1944 in

141 1983 187 2008 eo
216 1982 504 2020 perseverares,
546 1970 596 2008 ad
628 1974 740 2008 tuam
777 1970 948 2021 gloriam
984 1983 1068 2008 rem
1105 1971 1217 2008 illam
1250 1971 1391 2008 referri
1418 1984 1458 2020 ¹5

140 2033 342 2072 malebam
374 2047 497 2083 quam
529 2033 581 2071 ad
616 2047 747 2071 meam
773 2034 958 2084 gratiam.
1027 2037 1088 2072 50.
1120 2034 1318 2076 Quaestor
1352 2048 1392 2072 es

140 2098 291 2136 factus:
314 2097 456 2134 deinde
471 2098 658 2135 continuo
674 2098 757 2135 sine
774 2102 935 2136 senatus
955 2098 1145 2147 consulto,
1170 2098 1254 2136 sine
1274 2103 1389 2147 sorte,

142 2161 227 2199 sine
258 2161 348 2211 lege
373 2160 425 2198 ad
455 2160 666 2198 Caesarem
699 2161 919 2199 cucurristi.
975 2162 1026 2199 Id
1060 2162 1165 2199 enim
1195 2176 1321 2200 unum
1350 2163 1393 2200 in

142 2224 260 2262 terris
293 2224 495 2274 egestatis,
536 2225 639 2261 aeris
671 2225 802 2273 alieni,
842 2225 1046 2274 nequitiae
1082 2225 1251 2276 perditis
1287 2226 1393 2263 vitae

141 2288 365 2326 rationibus
383 2288 614 2338 perfugium
635 2301 719 2326 esse
739 2289 924 2326 ducebas.
980 2289 1046 2326 Ibi
1066 2294 1104 2327 te
1123 2303 1213 2327 cum
1233 2293 1271 2327 et
1285 2290 1394 2327 illius
1416 2303 1463 2328 zo

142 2352 426 2402 largitionibus
464 2355 503 2389 et
538 2352 620 2389 tuis
655 2352 809 2402 rapinis
847 2352 1100 2402 explevisses‚
1142 2354 1175 2391 si
1213 2353 1288 2391 hoc
1335 2358 1394 2391 est

142 2415 311 2466 explere,
331 2415 543 2453 exhaurire
562 2415 671 2464 quod
687 2415 822 2453 statim
843 2416 1038 2464 effundas,
1058 2416 1254 2454 advolasti
1270 2430 1392 2467 egens
