1736 2615
679 171 883 198 rmmrrm
910 171 954 198 11.
1431 164 1474 200 31

162 261 399 310 acciderunt,
422 263 672 314 providerem
690 263 841 311 futura,
859 266 973 301 tanta
992 263 1033 300 in
1052 264 1254 303 maestitia
1272 264 1408 314 fuisse,
1434 264 1481 305 15

161 329 313 376 quanta
328 327 447 364 ceteri
467 327 607 377 optimi
622 327 737 375 cives,
754 327 787 364 si
805 327 912 364 idem
930 327 1208 377 providissent,
1225 329 1408 367 fuissent.

160 389 368 436 Dolebam,
410 390 603 437 dolebam,
644 393 778 440 patres
815 391 1036 441 conscripti,
1077 404 1161 429 rem
1193 391 1407 442 publicam,

159 453 301 491 vestris
334 453 537 502 quondam
569 453 748 503 meisque
779 453 952 491 consiliis
982 459 1266 502 conservatam,
1299 456 1412 494 brevi

159 519 336 566 tempore
358 529 441 554 esse
460 517 691 567 perituram.
748 517 832 554 Nec
860 530 953 555 vero
983 530 1091 555 eram
1119 522 1202 556 tam
1230 519 1412 558 indoctus
1438 534 1480 558 10

159 579 405 630 ignarusque
441 593 586 629 rerum,
624 584 668 618 ut
703 580 913 630 frangerer
945 581 1077 619 animo
1110 585 1274 632 propter
1305 583 1411 622 vitae

159 643 429 693 cupiditatem,
471 657 574 693 quae
610 657 674 681 me
710 657 877 681 manens
922 644 1131 683 conficeret
1175 646 1407 696 angoribus,

159 705 323 744 dimissa
352 707 543 744 molestiis
574 707 760 745 omnibus
789 707 1005 745 liberaret:
1050 708 1138 745 illos
1172 721 1246 758 ego
1276 722 1409 759 praes-

158 770 404 807 tantissimos
423 771 538 818 viros,
562 770 716 808 lumina
744 771 802 808 rei
829 771 1024 821 publicae,
1049 772 1181 809 vivere
1210 772 1405 822 volebam,

157 837 216 870 tot
231 833 468 880 consulares,
486 837 545 871 tot
560 834 789 884 praetorios,
808 838 865 872 tot
880 834 1179 872 honestissimos
1195 840 1405 884 senatores,
1437 850 1476 886 ¹5

157 910 314 934 omnem
341 902 549 947 praeterea
577 897 716 934 florem
745 897 967 936 nobilitatis
997 911 1042 936 ac
1071 899 1301 946 iuventutiS,
1325 903 1411 938 tum

157 961 398 1011 optimorum
424 961 570 999 civium
597 961 813 1009 exercitus3
848 962 919 1011 qui
946 962 978 998 si
1006 962 1196 1011 viverent,
1226 964 1411 1013 quamvis

156 1024 296 1074 iniqua
333 1025 559 1062 condicione
597 1025 858 1075 pacis-mihi
896 1025 1001 1063 enim
1035 1026 1164 1064 omnis
1203 1040 1283 1077 pax
1321 1041 1410 1065 cum

156 1088 308 1126 civibus
351 1089 456 1126 bello
496 1089 602 1126 civili
643 1089 781 1126 utilior
812 1089 1164 1127 videbatur—rem
1206 1090 1410 1141 publicam

155 1152 274 1189 hodie
311 1156 550 1190 teneremus.
608 1156 668 1190 38.
699 1152 812 1193 Quae
846 1153 1043 1190 sententia
1077 1154 1110 1190 si
1141 1154 1333 1192 valuisset
1365 1168 1409 1193 ac
1434 1169 1478 1193 zo

154 1228 234 1253 non
254 1216 281 1252 ii
301 1217 475 1253 maxime
502 1216 612 1263 mihi,
636 1229 808 1265 quorum
828 1229 902 1266 ego
922 1217 1028 1254 vitae
1048 1217 1316 1266 consulebam,
1341 1231 1410 1268 spe

153 1279 342 1317 victoriae
380 1280 474 1318 elati
511 1279 771 1328 obstitissent,
811 1283 857 1317 ut
886 1280 967 1318 alia
997 1280 1190 1329 omittam,
1223 1285 1268 1318 tu
1304 1285 1409 1320 certe

153 1357 361 1393 nunquam
380 1344 422 1380 in
441 1343 515 1381 hoc
535 1344 673 1381 ordine
693 1343 756 1381 vel
774 1343 908 1394 potius
927 1357 1137 1393 nunquam
1156 1344 1197 1381 in
1216 1344 1291 1383 hac
1309 1345 1410 1383 urbe

152 1407 378 1445 mansisses.
451 1407 508 1445 At
544 1420 636 1445 vero
679 1406 750 1446 On.
789 1407 956 1458 Pompei
1002 1408 1249 1446 voluntatem
1285 1422 1309 1446 a
1345 1422 1408 1447 me

152 1471 357 1509 alienabat
386 1471 512 1509 oratio
540 1485 640 1510 mea.
699 1470 764 1508 An
782 1471 849 1508 ille
869 1483 1113 1520 quemquam
1141 1472 1232 1522 plus
1251 1472 1402 1521 dilexit,
1430 1488 1445 1510 z
1455 1486 1472 1522 5

151 1548 240 1572 cum
272 1535 354 1572 ullo
389 1539 459 1573 aut
492 1548 692 1573 sermones
724 1539 794 1573 aut
825 1535 989 1573 consilia
1022 1535 1188 1574 contulit
1219 1537 1407 1586 saepius?

151 1598 267 1640 Quod
304 1599 466 1648 quidem
504 1603 590 1636 erat
632 1612 835 1649 magnum,
877 1599 926 1637 de
964 1612 1120 1637 summa
1160 1613 1202 1636 re
1243 1600 1406 1650 publica

150 1663 430 1700 dissentientes
476 1663 518 1699 in
556 1663 695 1700 eadem
741 1664 1026 1700 consuetudine
1074 1663 1272 1701 amicitiae
1318 1677 1405 1714 per-

148 1739 321 1764 manere.
379 1727 467 1776 Ego
487 1727 586 1776 quid
606 1727 673 1763 ille
694 1730 733 1764 et
751 1730 888 1764 contra
907 1727 975 1764 ille
994 1728 1093 1777 quid
1122 1740 1196 1777 ego
1217 1727 1406 1765 sentirem

149 1794 188 1828 et
232 1794 450 1840 spectarem
487 1790 673 1828 videbat:
725 1803 799 1840 ego
836 1791 1101 1829 incolumitati
1142 1790 1288 1828 civium
1324 1791 1403 1842 pri·
1428 1806 1474 1841 30

147 1867 268 1902 mum,
321 1858 366 1891 ut
409 1858 548 1904 postea
591 1854 781 1904 dignitati
827 1868 1044 1904 possemus,
1094 1855 1160 1891 ille
1203 1855 1405 1905 praesenti

148 1918 336 1968 dignitati
357 1918 492 1968 potius
511 1918 757 1956 consulebat.
808 1917 925 1959 Quod
944 1923 1079 1955 autem
1100 1918 1278 1955 habebat
1298 1922 1402 1956 uter-

148 1995 226 2031 que
264 1982 362 2031 quid
400 1985 644 2032 sequeretur,
684 1981 828 2019 idcirco
865 1982 1113 2020 tolerabilior
1146 1986 1231 2019 erat
1267 1986 1405 2021 nostra

149 2045 355 2084 dissensio.

204 2113 264 2147 39.
296 2108 403 2150 Quid
431 2122 525 2147 vero
553 2109 620 2146 ille
656 2109 872 2160 singularis
905 2110 966 2148 vir
1002 2123 1046 2148 ac
1081 2122 1209 2160 paene
1243 2110 1405 2148 divinus
1427 2123 1470 2160 35

150 2174 200 2212 de
234 2187 298 2211 me
336 2173 503 2211 senserit
540 2172 670 2211 sciunt
715 2174 786 2223 qui
825 2187 916 2211 eum
962 2173 1010 2211 de
1054 2173 1267 2211 Pharsalia
1304 2174 1405 2224 fuga

150 2238 337 2288 Paphum
382 2237 581 2287 prosecuti
627 2241 742 2275 sunt:
809 2250 1019 2287 nunquam
1065 2237 1116 2275 ab
1163 2250 1208 2275 eo
1254 2237 1404 2275 mentio

150 2302 200 2338 de
227 2313 291 2338 me
318 2301 397 2338 nisi
426 2300 654 2348 honorifica,
687 2301 765 2338 nisi
795 2301 915 2352 plena
946 2301 1175 2339 amicissimi
1201 2301 1400 2348 desiderii,

149 2378 238 2405 cum
270 2377 333 2402 me
365 2365 512 2404 vidisse
543 2364 635 2418 plus
664 2364 868 2412 fateretur,
904 2377 944 2401 se
973 2365 1194 2415 speravisse
1222 2365 1399 2404 meliora,
