1736 2615
247 170 294 205 32
830 180 978 208 menno,

247 270 293 310 15
314 271 366 309 Et
403 270 488 308 eius
524 271 599 309 viri
635 271 795 308 nomine
839 284 903 308 me
944 272 1129 309 insectari
1176 270 1311 320 audes,
1351 271 1464 309 cuius
1500 284 1564 309 me

245 349 288 383 4¹
315 335 496 383 amicum,
516 339 554 372 te
575 339 764 372 sectorem
783 347 867 372 esse
887 335 1070 373 fateare?

247 397 295 437 16
364 398 482 437 XVI.
522 397 600 436 Sed
653 398 862 436 omittatur
912 398 1065 436 bellum
1117 397 1229 446 illud,
1286 398 1329 435 in
1379 411 1461 448 quo
1519 402 1567 437 tu

315 462 483 498 nimium
515 461 615 498 felix
641 461 769 499 fuisti.
826 461 889 499 Ne
916 461 964 499 de
994 462 1089 500 iocis
1114 461 1277 511 quidem
1303 461 1565 511 respondebo,

315 525 464 575 quibus
517 537 581 562 me
628 525 670 562 in
720 525 859 562 castris
906 538 1025 562 usum
1071 537 1156 563 esse
1206 524 1355 562 dixisti.
1441 525 1569 563 Erant

315 588 479 638 quidem
533 587 604 625 illa
658 591 788 626 castra
837 588 957 639 plena
1011 601 1151 636 curae;
1240 599 1380 626 verum
1433 592 1568 626 tamen

275 664 292 699 5
316 652 508 699 homines,
541 651 726 701 quamvis
764 651 806 688 in
844 651 1018 689 turbidis
1058 651 1179 689 rebus
1223 651 1312 699 sint,
1357 655 1504 700 tamen,
1535 651 1569 689 si

316 715 433 753 modo
481 715 664 752 homines
721 719 825 763 sunt,
874 715 1076 753 interdum
1131 714 1275 753 animis
1319 715 1565 754 relaxantur.

317 778 434 820 Quod
453 782 587 816 autem
611 778 716 816 idem
741 779 983 816 maestitiam
1010 792 1140 817 meam
1167 778 1434 829 reprehendit,
1462 778 1569 816 idem

316 843 456 889 iocum,
491 855 638 892 magno
677 846 914 892 argumento
954 846 1013 881 est
1048 855 1112 880 me
1149 842 1191 880 in
1227 845 1399 892 utroque
1443 842 1568 880 fuisse

316 906 578 944 moderatum.

253 984 294 1008 10
368 973 430 1007 40.
460 969 718 1007 Hereditates
749 969 849 1007 mihi
880 969 1039 1020 negasti
1070 969 1219 1009 venire.
1291 970 1461 1008 Utinam
1494 970 1569 1007 hoc

317 1038 432 1071 tuum
462 1046 602 1070 verum
631 1033 779 1070 crimen
800 1034 923 1072 esset!
966 1033 1111 1072 Plures
1139 1034 1255 1071 amici
1273 1034 1351 1071 mei
1381 1038 1419 1072 et
1436 1045 1567 1071 neces-

317 1097 411 1134 sarii
449 1097 641 1134 viverent.
711 1096 789 1135 Sed
822 1097 892 1146 qui
924 1097 1026 1134 istuc
1053 1096 1129 1135 tibi
1156 1097 1266 1136 venit
1293 1098 1335 1134 in
1362 1097 1569 1135 mentem?

319 1161 406 1210 Ego
423 1161 529 1197 enim
550 1160 723 1210 amplius
743 1160 969 1198 sestertium
984 1160 1218 1198 ducentiens
1232 1164 1438 1211 acceptum
1456 1160 1567 1197 here-

316 1224 510 1262 ditatibus
549 1223 697 1261 rettuli.
774 1223 1030 1273 Quamquam
1070 1224 1112 1261 in
1148 1224 1222 1262 hoc
1259 1237 1404 1274 genere
1440 1224 1569 1261 fateor

254 1301 292 1336 15
316 1288 532 1325 feliciorem
553 1300 638 1325 esse
658 1291 720 1324 te:
751 1300 815 1325 me
834 1300 950 1325 nemo
970 1287 1048 1325 nisi
1067 1288 1218 1325 amicus
1245 1288 1339 1326 feeit
1366 1288 1563 1336 heredem,

316 1355 361 1389 ut
381 1365 471 1389 cum
490 1351 558 1388 illo
579 1351 795 1399 commodo,
820 1351 852 1388 si
872 1351 981 1401 quod
1001 1355 1096 1400 erat,
1121 1351 1244 1389 animi
1272 1351 1438 1401 quidam
1457 1351 1569 1389 dolor

316 1415 573 1465 iungeretur3
603 1418 642 1452 te
662 1414 706 1462 is,
726 1427 846 1464 quem
866 1418 911 1452 tu
929 1415 1066 1453 vidisti
1085 1428 1304 1465 nunquam,
1323 1415 1369 1452 L.
1387 1415 1569 1452 Rubrius

315 1478 482 1517 Casinas
511 1478 606 1515 fecit
635 1478 837 1516 heredem.
913 1481 976 1516 41.
1007 1478 1060 1516 Et
1086 1478 1249 1528 quidem
1272 1478 1363 1517 vide
1387 1491 1510 1528 quam
1529 1482 1568 1516 te

317 1542 461 1580 amarit
481 1542 525 1589 is,
549 1542 620 1591 qui
641 1541 757 1579 albus
777 1545 913 1580 aterne
931 1542 1054 1580 fuerit
1076 1542 1262 1592 ignoras:
1285 1542 1422 1580 fratris
1440 1542 1568 1579 filium

251 1621 297 1643 20
318 1606 530 1656 praeterit3
567 1605 614 1647 Q.
637 1605 755 1653 Fufii,
779 1605 1049 1643 honestissimi
1069 1605 1215 1655 equitis
1233 1605 1405 1643 Romani
1426 1605 1568 1655 suique

315 1669 555 1717 amicissimi,
592 1681 712 1718 quem
748 1668 883 1719 palam
919 1669 1107 1706 heredem
1153 1682 1308 1719 semper
1349 1669 1563 1716 facffitarat,

314 1747 364 1770 ne
392 1733 573 1770 nominat
600 1732 787 1782 quidem:
827 1736 877 1781 te,
909 1746 1029 1782 quem
1069 1746 1277 1782 nunquam
1315 1732 1470 1770 viderat
1498 1736 1568 1770 aut

314 1801 419 1835 certe
439 1809 649 1846 nunquam
670 1796 925 1844 salutaverat,
950 1797 1044 1834 fecit
1063 1796 1263 1834 heredem.
1317 1796 1449 1835 Velim
1468 1795 1581 1832 mihi·

314 1861 432 1908 dieas,
455 1860 533 1898 nisi
552 1860 764 1897 molestum
792 1864 862 1906 est,
885 1860 931 1897 L.
954 1860 1160 1897 Turselius
1185 1873 1265 1909 qua
1296 1859 1398 1897 facie
1427 1859 1562 1907 fuerit,

247 1938 290 1973 25
315 1938 395 1975 qua
433 1927 598 1972 statura,
630 1937 710 1974 quo
740 1924 967 1974 municipio,
1002 1936 1083 1973 qua
1114 1923 1236 1961 tribu.
1297 1923 1433 1960 ‘Nihil
1464 1923 1565 1961 scio’

314 1988 472 2038 inquies
496 1987 594 2025 ‘nisi
614 2000 718 2037 quae
737 1988 902 2038 praedia
921 1986 1137 2025 habuerit.’
1194 1986 1238 2024 Is
1256 1986 1382 2036 igitur
1402 1987 1567 2024 fratrem

315 2051 564 2088 exheredans
591 2055 630 2088 te
658 2051 833 2088 faciebat
860 2051 1061 2089 heredem.
1119 2050 1170 2087 In
1188 2049 1336 2088 multas
1359 2054 1568 2100 praeterea

313 2115 503 2165 pecunias
527 2114 862 2151 alienissimorum
884 2113 1092 2151 hominum
1111 2113 1151 2151 vi
1178 2113 1311 2151 eiectis
1329 2113 1434 2151 veris
1453 2113 1565 2150 here-

313 2178 444 2224 dibus,
470 2181 677 2227 tamquam
710 2178 824 2215 heres
853 2181 965 2225 esset,
999 2177 1158 2215 invasit.
1215 2180 1278 2214 42.
1311 2176 1566 2226 Quamquam

247 2255 293 2291 30
312 2241 386 2279 hoc
405 2241 577 2278 maxime
598 2241 818 2279 admiratus
839 2254 939 2288 sum,
962 2241 1205 2278 mentionem
1229 2244 1269 2278 te
1297 2239 1565 2278 hereditatum

314 2319 456 2343 ausum
493 2318 578 2342 esse
610 2305 753 2353 fucere,
790 2318 879 2343 cum
911 2304 996 2356 ipse
1028 2304 1292 2343 hereditatem
1324 2304 1451 2356 patris
1483 2315 1565 2343 non

314 2368 475 2407 adisses,
