1736 2615
235 173 283 206 52
818 184 965 212 menno.

234 263 284 302 37
303 264 417 302 vivus
445 266 601 315 eripuit,
633 266 764 304 reddit
791 272 982 305 mortuus.
1042 271 1102 306 95.
1133 268 1187 305 At
1213 269 1363 318 quibus
1392 270 1550 308 verbis!

303 325 423 362 Modo
454 339 628 375 aequum
657 327 734 363 sibi
763 328 900 374 videri,
937 329 1053 365 modo
1085 342 1163 365 non
1194 330 1391 378 iniquum.
1448 331 1553 368 Mira

303 389 515 426 verborum
536 390 755 439 complexio
773 390 781 428 l
838 391 893 428 At
912 392 978 428 ille
998 405 1430 443 numquam—semper
1449 395 1554 431 enim

305 452 460 489 absenti
489 454 602 489 adfui
636 454 1096 504 Dei‹›tare—quicquam
1127 456 1214 504 sibi,
1247 457 1355 505 quod
1382 471 1455 495 nos
1481 472 1553 508 pro

238 528 281 562 25
304 515 371 551 illo
387 516 692 565 postularemus,
714 531 887 567 aequum
907 519 1009 556 dixit
1025 520 1164 556 videri.
1214 520 1456 570 Syngrapha
1475 534 1553 558 ses—

303 579 411 616 tertii
448 580 624 617 centiens
669 594 741 631 per
777 581 943 631 legatos,
984 582 1091 620 viros
1129 582 1253 620 bonos
1291 583 1359 620 sed
1395 584 1556 622 timidos

305 646 343 679 et
383 642 597 693 imperitos,
641 645 724 682 sine
760 650 906 694 nostra,
950 646 1033 683 sine
1070 646 1316 696 reliquorum
1352 647 1555 698 hospitum

303 706 410 755 regis
457 708 654 745 sententia
699 709 806 746 facta
847 709 889 746 in
926 710 1117 759 gynaecio
1165 714 1235 758 est,
1275 723 1355 760 quo
1392 711 1434 747 in
1470 711 1555 749 loco

303 768 500 818 plurimae
526 784 590 808 res
608 772 818 810 venierunt
845 777 883 810 et
902 778 1088 812 veneunt.
1147 773 1236 814 Qua
1257 787 1305 810 ex
1325 775 1557 825 syngrapha

237 845 283 880 30
304 833 402 881 quid
433 834 485 871 sis
517 838 677 872 acturus
706 836 897 874 meditere
928 850 1090 875 censeo:
1131 851 1202 874 rex
1234 837 1339 874 enim
1368 838 1454 888 ipse
1484 851 1555 876 sua

304 901 454 946 sponte,
505 898 627 936 nullis
672 901 966 938 commentariis
1018 900 1211 948 Caesaris,
1262 901 1380 938 simul
1435 906 1556 951 atque

303 960 456 998 audivit
487 961 571 999 eius
601 962 818 1012 interitum,
849 978 919 1001 suo
945 964 1077 1002 Marte
1099 978 1162 1002 res
1190 978 1283 1002 suas
1307 965 1554 1015 reciperavit.

305 1027 364 1061 96.
384 1023 542 1063 Sciebat
561 1025 679 1064 homo
696 1029 855 1078 sapiens
875 1029 937 1066 ius
956 1042 1112 1079 semper
1130 1029 1204 1066 hoe
1219 1029 1355 1076 fuisse,
1373 1033 1429 1077 ut,
1452 1042 1556 1078 quae

302 1089 463 1136 tyranni
501 1089 751 1139 eripuissent,
787 1105 834 1129 ea
869 1092 1051 1141 tyrannis
1082 1092 1302 1129 interfectis
1333 1092 1372 1140 ii,
1406 1092 1555 1141 quibus

236 1166 279 1201 35
303 1157 440 1203 erepta
474 1162 613 1202 essent,
656 1155 935 1205 reciperarent.
1009 1156 1138 1193 Nemo
1181 1156 1307 1205 igitur
1343 1155 1429 1193 iure
1466 1169 1553 1193 eon-

304 1217 442 1267 sultus,
466 1232 515 1256 ne
536 1219 609 1257 iste
637 1219 810 1269 quidem,
834 1219 905 1269 qui
934 1219 1008 1257 tibi
1036 1219 1107 1256 uni
1136 1224 1194 1256 est
1223 1219 1308 1256 iure
1336 1219 1551 1266 consultus,

301 1295 373 1331 per
409 1296 529 1331 quem
565 1283 663 1321 haec
696 1284 794 1333 agis,
833 1296 881 1320 ex
911 1283 989 1321 ista
1020 1283 1251 1333 syngrapha
1285 1283 1423 1320 deberi
1453 1283 1554 1320 dicet

301 1358 372 1395 pro
392 1346 441 1383 iis
461 1346 591 1394 rebus,
615 1359 720 1396 quae
741 1351 853 1384 erant
873 1351 965 1384 ante
986 1346 1258 1396 syngrapham
1283 1347 1526 1396 reciperatae
1543 1362 1550 1384 :

301 1422 381 1446 non
414 1410 519 1447 enim
553 1424 576 1447 a
608 1414 646 1447 te
681 1411 786 1457 emit,
828 1410 896 1447 sed
933 1411 1045 1460 prius
1083 1423 1204 1459 quam
1241 1413 1286 1447 tu
1324 1423 1440 1447 suum
1477 1410 1551 1447 sibi

232 1486 280 1521 40
300 1473 502 1520 venderes,
544 1474 630 1524 ipse
666 1474 853 1524 possedit.
928 1474 1004 1511 Ille
1040 1474 1102 1511 vir
1138 1473 1240 1521 fuit3
1285 1485 1357 1510 nos
1390 1472 1550 1522 quidem

300 1537 588 1584 contemnendi,
630 1537 701 1587 qui
737 1542 911 1575 actorem
947 1538 1115 1584 odimus,
1152 1542 1240 1574 acta
1286 1536 1550 1574 defendimus.

231 1599 279 1638 38
299 1600 550 1639 XXXVIII.
600 1601 661 1638 97.
694 1600 802 1642 Quid
838 1615 912 1651 ego
951 1602 999 1638 de
1037 1601 1332 1639 commentariis
1370 1600 1547 1648 infinitis,

299 1664 397 1713 quid
429 1664 478 1701 de
508 1665 872 1702 innumerabilibus
902 1665 1179 1715 chirographis
1212 1664 1384 1714 loquar?
1445 1663 1549 1704 Quo·

298 1740 387 1764 rum
408 1728 528 1765 etiam
548 1728 751 1766 institores
771 1733 872 1776 sunt,
897 1729 968 1778 qui
989 1742 1036 1766 ea
1055 1733 1262 1778 tamquam
1282 1727 1550 1777 gladiatorum

296 1790 454 1829 libellos
490 1791 624 1842 palam
661 1792 879 1830 venditent.
947 1792 1093 1842 Itaque
1129 1792 1231 1829 tanti
1270 1791 1399 1828 acervi
1435 1804 1548 1827 num-

256 1867 274 1902 5
297 1868 453 1892 morum
473 1856 581 1905 apud
608 1856 730 1893 istum
750 1860 1047 1904 construuntur,
1071 1860 1117 1893 ut
1145 1855 1225 1892 iam
1255 1854 1544 1905 expendantur,

296 1931 375 1956 non
412 1923 673 1957 numerentur
709 1920 913 1970 pecuniae.
971 1919 1026 1957 At
1062 1932 1183 1969 quam
1221 1931 1335 1956 caeca
1380 1918 1549 1955 avaritia

297 1982 377 2020 est!
424 1982 566 2032 Nuper
601 1983 682 2020 fixa
720 1983 861 2021 tabula
892 1987 961 2031 est,
999 1996 1082 2032 qua
1112 1983 1292 2020 civitates
1321 1981 1546 2031 locupletis-

296 2046 419 2083 simae
439 2046 691 2084 Cretensium
710 2047 976 2097 vectigalibus
998 2047 1234 2091 liberantur,
1259 2045 1542 2094 statuiturque,

293 2122 342 2146 ne
375 2113 466 2159 post
502 2111 557 2147 M.
590 2111 762 2147 Brutum
791 2124 863 2160 pro
897 2110 1057 2148 consule
1088 2110 1138 2147 sit
1175 2109 1292 2147 Creta
1328 2108 1543 2158 provincia.

231 2185 273 2210 10
294 2173 354 2209 Tu
390 2174 535 2210 mentis
580 2174 767 2224 compos?
822 2174 883 2211 Tu
928 2187 1008 2211 non
1055 2171 1416 2222 constringendus?
1479 2171 1545 2207 An

292 2236 473 2274 Caesaris
503 2237 658 2274 decreto
690 2238 807 2275 Creta
836 2241 925 2287 post
952 2238 1009 2275 M.
1033 2237 1151 2274 Bruti
1180 2236 1384 2273 decessum
1413 2235 1544 2285 potuit

291 2300 463 2347 liberari⁷
514 2314 603 2338 cum
649 2300 767 2338 Creta
803 2301 905 2338 nihil
942 2301 992 2338 ad
1037 2301 1209 2337 Brutum
1247 2299 1416 2337 Caesare
1451 2298 1542 2336 vivo

291 2365 536 2415 pertineret?
608 2365 662 2402 At
708 2365 827 2401 huius
867 2365 1095 2401 venditione
1142 2363 1394 2400 decreti—ne
1440 2360 1539 2398 nihil
