1736 2615
726 153 929 178 rmmrmc
957 152 1001 178 11.
1478 141 1523 178 37

208 256 319 280 arma
336 242 401 280 hic
420 242 515 280 ordo
534 242 764 280 consulibus
783 243 1031 293 reliquisque
1050 243 1229 294 imperiis
1258 247 1297 282 et
1323 248 1452 294 potes·
1474 244 1520 282 21

206 306 380 354 tatibus;
410 319 513 355 quae
532 319 612 343 non
633 306 855 356 effugisses,
880 307 956 343 nisi
976 311 1015 344 to
1045 307 1095 344 ad
1126 321 1238 345 arma
1271 308 1454 345 Caesaris
1477 322 1522 356 34

205 370 451 407 contulisses.
508 370 653 407 XXII.
692 373 751 406 53.
785 370 856 417 Tu,
893 374 948 417 tu,
984 371 1161 420 inquam,
1196 372 1252 408 M.
1285 370 1448 418 Antoni,
1473 371 1523 408 22

205 433 388 484 princeps
411 433 454 471 C.
481 432 641 470 Caesari
665 434 798 470 onmia
827 433 1065 483 perturbare
1088 435 1263 485 cupienti
1293 448 1455 472 causam

205 497 299 534 belli
339 500 477 534 contra
512 496 684 546 patriam
730 497 929 534 inferendi
971 497 1130 536 dedisti.
1204 497 1311 539 Quid
1349 498 1455 535 enim

205 561 317 597 aliud
342 560 409 597 ille
432 561 599 607 dicebat,
629 574 752 610 quam
777 574 939 598 causam
966 562 1028 599 sui
1051 562 1340 599 dementissimi
1364 575 1453 599 con-

206 624 283 661 silii
304 628 342 661 et
367 624 463 661 facti
494 624 713 672 adferebat,
749 624 826 661 nisi
859 625 968 674 quod
997 625 1227 663 intercessio
1257 625 1450 675 neglecta,
1477 639 1494 673 5

203 688 266 724 ius
285 687 545 725 tribunicium
565 687 781 735 sublatum,
805 687 1124 738 circumscriptus
1145 702 1168 726 a
1188 693 1330 726 senatu
1350 692 1453 726 esset

203 750 430 788 Antonius?
459 751 597 788 omitto
626 764 748 800 qnam
776 751 875 789 haec
902 751 1016 798 falsa,
1048 765 1171 801 quam
1200 752 1315 800 levia,
1338 765 1451 802 prae-

203 814 338 852 sertim
374 827 464 852 cum
500 815 660 851 omnino
698 814 811 852 nulla
847 828 968 853 causa
999 815 1106 853 iusta
1142 815 1331 864 cuiquam
1369 828 1453 853 esse

204 878 327 928 possit
363 881 500 915 contra
536 878 709 928 patriam
746 892 858 916 arma
894 879 1089 929 capiendi.
1161 878 1239 916 Sed
1271 879 1374 916 nihil
1403 879 1453 917 de

202 942 371 979 Caesare
389 955 397 979 :
428 941 504 978 tibi
523 946 627 979 certe
646 942 915 980 confitendum
935 946 994 979 est
1013 956 1175 980 causam
1202 943 1451 993 perniciosis·
1481 957 1521 980 ιο

202 1006 292 1043 simi
310 1005 407 1042 belli
426 1018 595 1055 persona
615 1009 686 1043 tua
706 1006 937 1043 constitisse.
995 1010 1055 1043 54.
1086 1006 1117 1043 Ο
1138 1006 1328 1043 miserum
1347 1010 1397 1054 te,
1421 1007 1453 1044 si

201 1070 299 1107 haec
318 1068 530 1119 intellegis,
553 1069 810 1116 miseriorem,
837 1069 869 1106 si
887 1083 968 1107 non
993 1069 1197 1120 intellegis
1216 1070 1290 1107 hoc
1308 1070 1454 1108 litteris

200 1131 394 1179 mandari,
418 1133 493 1170 hoc
510 1133 725 1170 memoriae
744 1133 870 1183 prodi,
890 1133 1012 1170 huius
1031 1133 1088 1170 rei
1107 1146 1157 1171 ne
1176 1134 1452 1184 posteritatem

199 1198 363 1247 quidem
383 1197 562 1235 omnium
583 1196 831 1234 saeculorum
860 1210 1040 1246 unquam
1059 1197 1331 1235 immemorem
1350 1197 1447 1245 fore,

201 1261 382 1299 consules
402 1275 451 1299 ex
470 1260 592 1298 Italia
612 1260 810 1310 expulsos,
834 1273 1004 1310 cumque
1032 1261 1082 1298 iis
1104 1259 1176 1298 Gn.
1198 1261 1448 1310 Pompeium,
1480 1275 1518 1309 ¹5

200 1325 308 1375 quod
350 1325 509 1375 imperii
557 1324 696 1375 populi
736 1324 909 1361 Romani
947 1325 1067 1362 decus
1105 1338 1149 1362 ac
1185 1324 1322 1361 lumen
1358 1324 1449 1372 fuit,

200 1402 337 1427 omnes
362 1389 601 1436 consulares,
625 1388 696 1437 qui
716 1401 787 1438 per
806 1388 1077 1425 valetudinem
1106 1388 1273 1437 exsequi
1301 1388 1453 1425 cladem

201 1453 313 1490 illam
343 1453 566 1503 fugamque
598 1452 833 1502 potuissent,
870 1456 1085 1502 praetores,
1118 1452 1350 1502 praetorios,
1382 1452 1451 1489 tri-

201 1517 331 1554 bunos
351 1517 472 1567 plebi,
494 1529 686 1566 magnam
713 1520 869 1566 partem
898 1520 1070 1564 senatus,
1095 1529 1252 1553 omnem
1273 1515 1454 1553 subolem

199 1581 430 1627 iuventutis,
465 1593 546 1618 uno
582 1579 705 1618 verbo
735 1593 819 1616 rem
856 1579 1060 1629 publicam
1091 1579 1301 1630 expulsam
1332 1583 1453 1628 atque
1477 1593 1521 1617 zo

199 1644 508 1682 exterminatam
537 1644 618 1681 suis
648 1643 831 1681 sedibus!
889 1647 951 1680 55.
982 1643 1040 1681 Ut
1073 1643 1200 1693 igitur
1224 1643 1267 1680 in
1293 1643 1450 1680 semini-

197 1708 275 1746 bus
296 1712 355 1746 est
374 1721 494 1746 causa
516 1708 705 1746 arborum
726 1711 765 1745 et
784 1707 982 1757 stirpium,
1013 1707 1067 1744 sic
1094 1708 1216 1744 huius
1243 1707 1451 1744 luctuosis-

200 1772 289 1810 simi
308 1772 406 1809 belli
425 1784 560 1809 semen
579 1775 624 1809 tu
642 1771 769 1808 fuisti.
827 1771 981 1808 Doletis
1000 1771 1073 1808 tris
1093 1771 1289 1808 exercitus
1312 1770 1454 1821 populi

198 1835 371 1873 Romani
408 1835 663 1872 interfectos:
705 1835 907 1872 interfecit
944 1833 1167 1881 Antonius;
1216 1834 1453 1871 desideratis

198 1899 439 1937 clarissimos
458 1899 586 1936 cives:
619 1911 685 1936 eos
712 1911 874 1948 quoque
898 1897 1014 1936 vobis
1043 1898 1190 1948 eripuit
1217 1897 1441 1945 Antonius;
1476 1911 1519 1946 25

199 1962 415 2001 auctoritas
439 1962 562 2000 huius
587 1962 739 2000 ordinis
758 1961 919 1999 adflicta
939 1966 1021 2000 est:
1053 1961 1210 1998 adflixit
1228 1961 1451 2009 Antonius;

199 2026 332 2064 omnia
359 2026 532 2075 denique
558 2038 663 2076 quae
688 2029 828 2076 postea
846 2024 1175 2074 vidimus—quid
1196 2029 1332 2062 autem
1356 2024 1453 2062 mali

199 2104 278 2127 non
311 2089 515 2127 vidimus?
534 2112 598 2138 —,
632 2090 665 2127 si
698 2093 803 2127 recte
826 2089 1169 2137 ratiocinabimur,
1196 2089 1267 2125 uni
1293 2092 1453 2139 accepta

199 2154 420 2191 referemus
448 2152 637 2190 Antonio.
693 2153 753 2190 Ut
781 2153 942 2190 Helena
970 2152 1165 2201 Troianis,
1189 2153 1244 2190 sic
1263 2153 1338 2190 iste
1360 2152 1453 2190 huic

199 2218 256 2254 rei
301 2216 486 2267 publicae
533 2230 653 2254 causa
697 2217 822 2267 pestis
868 2220 990 2267 atque
1037 2216 1149 2254 exitii
1194 2216 1286 2253 fuit.
1341 2216 1446 2254 Reli·
1474 2231 1520 2265 30

199 2294 302 2330 quae
332 2285 468 2331 partes
497 2281 729 2318 tribunatus
761 2281 947 2331 principii
981 2280 1153 2318 similes:
1198 2281 1332 2318 omnia
1363 2293 1451 2330 per-

198 2345 302 2393 fecit,
343 2357 448 2394 quae
478 2348 641 2382 senatus
669 2344 781 2382 salva
811 2358 854 2381 re
891 2344 1053 2395 publica
1082 2357 1132 2381 ne
1168 2344 1254 2381 fieri
1291 2350 1452 2395 possent
