1736 2615
254 199 301 233 36
837 209 985 233 means).

254 297 305 336 20
323 299 373 335 ad
393 299 655 346 tribunatum,
679 298 784 335 utin
811 311 855 335 eo
885 299 1136 348 magistratu,
1168 299 1201 336 si
1232 313 1381 350 posses,
1407 301 1483 337 viri
1512 301 1571 338 tui

321 362 462 399 similis
481 375 598 399 esses.

252 424 301 463 21
374 425 496 461 XXI.
526 424 704 474 Accipite
735 438 850 472 nunc,
884 438 1046 474 quaeso,
1082 438 1162 463 non
1195 439 1241 463 ea
1277 439 1381 475 quae
1414 426 1498 476 ipse
1530 426 1570 463 iu

320 500 360 524 se
380 492 501 537 atque
520 487 562 524 in
582 487 841 524 domesticum
862 487 981 525 decus
1000 488 1155 538 impure
1176 492 1214 526 et
1239 489 1563 538 intemperanter,

319 551 388 588 sed
406 564 511 600 quae
530 551 572 588 in
591 564 663 588 nos
679 551 942 600 fortunasque
957 555 1124 598 nostras,
1145 552 1186 588 id
1205 556 1264 589 est
1282 552 1323 588 in
1339 552 1568 590 universam

318 627 402 651 rem
422 614 638 664 publicam,
660 614 784 664 impie
804 628 847 651 ac
867 615 1019 652 nefarie
1045 615 1200 652 fecerit:
1232 615 1282 652 ab
1312 615 1433 653 huius
1463 616 1568 653 enim

278 691 295 726 5
319 678 464 715 scelere
480 679 660 715 omnium
687 679 884 716 malorum
912 678 1152 729 principium
1181 684 1321 716 natum
1350 679 1567 729 reperietis.

319 744 380 778 51.
407 742 515 778 Nam
535 755 624 779 cum
644 741 687 781 L.
707 741 878 779 Lentulo
899 741 939 780 C.
957 742 1148 779 Marcello
1169 742 1399 780 consulibus
1419 743 1567 780 Kalen-

318 804 380 842 dis
398 805 602 842 Ianuariis
617 805 821 842 labentem
837 809 875 842 et
894 818 1018 855 prope
1037 805 1244 843 cadentem
1264 819 1347 843 rem
1366 806 1569 856 publicam

317 868 458 905 fulcire
478 869 684 918 cuperetis,
708 869 865 919 ipsique
885 868 927 906 C.
945 868 1116 917 Caesari,
1137 869 1169 905 si
1189 882 1287 906 sana
1300 874 1432 906 mente
1452 874 1564 917 essct,

318 932 522 969 consulere
542 932 708 979 velletis,
732 937 819 969 tum
848 932 923 969 iste
953 932 1160 969 venditum
1192 936 1313 982 atque
1343 934 1566 983 emancipa—

254 1009 296 1032 10
317 999 404 1033 tum
442 995 694 1033 tribunatum
727 995 901 1033 consiliis
932 996 1075 1033 vestris
1105 996 1290 1046 opposuit
1319 997 1568 1046 cervicesque

318 1072 410 1097 suas
437 1059 472 1096 ei
498 1059 666 1097 subiecit
686 1059 824 1107 securi,
847 1072 928 1108 qua
947 1059 1064 1097 multi
1083 1059 1307 1097 minoribus
1329 1059 1371 1096 in
1399 1061 1569 1110 peccatis

317 1122 556 1160 occiderunt.
614 1123 665 1159 In
690 1126 741 1169 te,
774 1122 830 1159 M.
865 1122 1027 1170 Antoni,
1063 1123 1104 1160 id
1134 1123 1307 1161 decrevit
1337 1128 1499 1161 senatus
1531 1129 1569 1162 et

316 1186 479 1236 quidem
516 1186 735 1234 incolumis,
778 1186 956 1223 nondum
992 1190 1052 1223 tot
1088 1186 1310 1224 luminibus
1348 1188 1563 1236 exstinctis,

316 1250 425 1300 quod
456 1250 499 1287 in
543 1250 700 1288 hostem
741 1254 924 1300 togatum
970 1250 1128 1287 decerni
1162 1254 1221 1288 est
1252 1250 1414 1288 solitum
1460 1264 1569 1288 more

254 1328 292 1362 ¹5
317 1314 525 1351 maiorum.
589 1313 641 1350 Et
673 1317 718 1351 tu
751 1313 859 1364 apud
896 1317 1031 1363 patres
1064 1313 1305 1363 conscriptos
1337 1318 1474 1351 contra
1506 1328 1568 1352 me

318 1377 447 1414 dicere
480 1390 602 1414 ausus
635 1390 687 1425 es,
723 1390 812 1414 cum
843 1377 893 1414 ab
924 1377 998 1414 hoc
1035 1376 1172 1414 ordine
1206 1390 1279 1427 ego
1317 1382 1570 1415 conservator

318 1453 455 1489 essem,
479 1444 524 1478 tu
543 1440 670 1478 hostis
689 1440 746 1477 rei
764 1440 949 1490 publicae
969 1440 1167 1478 iudicatus
1183 1440 1199 1478 ‘i’
1238 1440 1569 1479 Commemoratio

316 1504 425 1541 illius
444 1504 505 1541 tui
540 1504 697 1541 sceleris
728 1504 956 1541 intermissa
985 1508 1055 1553 est,
1089 1517 1169 1541 non
1204 1505 1395 1542 memoria
1424 1504 1566 1542 deleta.

318 1568 427 1605 Dum
474 1580 604 1618 genus
648 1567 867 1614 hominum,
909 1568 1004 1605 dum
1044 1568 1183 1618 populi
1219 1567 1392 1605 Romani
1425 1581 1569 1606 nomen

252 1646 298 1670 zo
321 1631 659 1680 exstabit-quod
687 1631 849 1681 quidem
871 1631 955 1677 crit,
980 1631 1012 1668 si
1033 1644 1105 1681 per
1133 1635 1172 1668 te
1195 1631 1340 1679 licebit,
1365 1631 1567 1681 sempiter-

314 1709 474 1742 num—,
506 1699 577 1732 tua
607 1695 676 1731 illa
707 1695 899 1745 pestifera
924 1695 1153 1733 intercessio
1178 1695 1463 1734 nominabitur.
1503 1700 1565 1733 52.

318 1758 425 1799 Quid
445 1759 588 1808 cupide
609 1771 632 1795 a
652 1762 805 1805 senatu,
828 1759 927 1808 quid
945 1763 1095 1796 temere
1119 1759 1253 1805 fiebat,
1277 1772 1367 1795 cum
1390 1762 1435 1796 tu
1464 1772 1568 1796 unus

319 1822 552 1860 adulescens
571 1823 805 1860 universum
825 1821 1005 1859 ordinem
1028 1822 1238 1859 decernere
1271 1822 1319 1859 de
1349 1822 1477 1859 salute
1509 1823 1566 1859 rei

318 1886 502 1936 publicae
522 1885 774 1936 prohibuisti,
795 1898 925 1934 neque
946 1885 1067 1923 semel
1087 1886 1156 1923 sed
1179 1886 1349 1935 saepius,
1372 1898 1503 1935 neque
1524 1890 1567 1923 tu

255 1963 270 1986 z
279 1963 296 1997 5
320 1954 451 1987 tecum
487 1949 536 1986 de
574 1953 737 1986 senatus
784 1949 1020 1987 auctoritate
1057 1949 1124 1999 agi
1161 1962 1304 1999 passus
1341 1949 1413 1986 es‘?
1461 1948 1568 1989 Quid

319 2017 452 2050 autem
473 2013 672 2062 agebatur
698 2013 775 2050 nisi
797 2026 847 2050 ne
875 2013 1000 2050 deleri
1033 2017 1072 2050 et
1105 2012 1227 2050 everti
1253 2025 1336 2049 rem
1365 2012 1567 2062 publicam

317 2076 501 2113 funditus
546 2076 699 2114 velles?
754 2076 855 2114 Cum
900 2080 939 2114 te
984 2089 1115 2126 neque
1151 2076 1351 2126 principes
1395 2075 1567 2113 civitatis

316 2139 495 2189 rogando
514 2152 645 2188 neque
664 2140 834 2177 maiores
860 2144 960 2177 natu
984 2139 1182 2177 monendo
1212 2151 1343 2188 neque
1375 2139 1567 2188 frequens

315 2207 478 2240 senatus
514 2202 670 2252 agendo
708 2203 757 2240 de
794 2203 958 2241 vendita
999 2207 1120 2252 atque
1167 2203 1325 2240 addicta
1365 2203 1565 2240 sententia

249 2281 294 2315 30
314 2279 472 2303 movere
492 2267 698 2316 potuissvt,
722 2270 807 2303 tum
828 2266 927 2303 illud
946 2266 1084 2303 multis
1104 2266 1225 2303 rebus
1244 2270 1336 2303 ante
1357 2266 1564 2315 temptatis

315 2329 537 2366 necessario
557 2329 630 2366 tibi
651 2329 792 2366 volnus
812 2329 1006 2366 inflictum
1027 2333 1095 2376 est,
1114 2329 1223 2378 quod
1242 2329 1380 2379 paucis
1398 2333 1492 2366 ante
1511 2333 1560 2377 te,

316 2406 486 2442 quorum
513 2392 721 2430 incolumis
742 2393 820 2430 fuit
839 2406 954 2431 nemo
971 2407 981 2432 :
1009 2394 1095 2442 (53)
1116 2399 1203 2430 tum
1222 2397 1360 2430 contra
1384 2396 1424 2431 te
1452 2392 1562 2431 dedit
