1736 2615
686 207 890 233 1²111L11³r1c
919 207 963 234 11.
1437 200 1486 234 49

165 308 188 331 a
207 308 330 344 puero
349 295 517 344 vixeras,
544 299 589 333 ut
616 297 750 334 omnia
777 301 970 347 paterere,
1001 302 1046 334 ut
1074 298 1191 335 facile
1223 298 1415 336 servires:
1438 298 1489 337 34

164 371 188 394 a
220 358 336 396 nobis
365 359 596 409 populoque
625 359 808 398 Romano
846 361 1082 398 mandatum
1118 362 1159 398 id
1197 366 1301 399 certe
1338 375 1418 399 non

163 421 355 459 habebas.
412 422 444 459 O
473 422 719 472 praeclaram
745 423 856 460 illam
880 424 1154 474 eloquentiam
1177 429 1300 473 tuam,
1329 438 1419 462 cum

164 497 205 522 es
224 484 355 522 nudus
375 486 648 524 contionatus!
698 486 804 528 Quid
828 487 902 525 hoc
931 488 1098 538 turpius,
1122 488 1221 538 quid
1246 488 1414 537 foedius,
1440 502 1484 537 25

164 547 263 596 quid
284 548 489 598 suppliciis
508 549 694 587 omnibus
720 550 915 600 dignius?
961 551 1071 588 Num
1098 555 1303 602 exspectas
1322 552 1418 589 dum

164 614 203 648 te
233 611 405 649 stimulis
432 612 665 650 fodiamus?
707 614 821 651 Haec
843 618 893 662 te,
917 614 951 652 si
975 614 1100 652 ullam
1119 618 1274 665 partem
1293 615 1419 653 habes

164 687 314 722 sensus,
354 675 514 722 lacerat,
545 676 644 714 haec
674 680 856 715 cruentat
888 677 1026 716 oratio.
1084 679 1235 717 Vereor
1264 691 1314 716 ne
1344 678 1416 716 im-

163 737 343 775 minuam
381 752 627 777 summorum
662 740 840 778 virorum
878 741 1070 791 gloriam3
1118 741 1247 779 dicam
1283 747 1418 779 tamen

163 801 298 839 dolore
335 806 577 841 commotus:
621 803 721 853 quid
749 804 956 854 indignius
992 818 1115 854 quam
1144 805 1278 843 vivere
1312 818 1414 854 eum,
1441 820 1486 855 30

162 865 233 914 qui
267 865 502 915 imposuerit
538 866 733 915 diadema,
775 881 865 905 cum
902 881 1039 905 omnes
1075 868 1281 906 fateantur
1326 869 1413 906 iure

162 927 416 966 interfectum
447 943 530 967 esse
560 930 630 980 qui
663 931 883 969 abiecerit?
942 932 1002 969 87.
1032 931 1087 968 At
1120 931 1241 969 etiam
1271 932 1416 970 ascribi

162 991 278 1030 iussit
313 992 356 1029 in
392 993 509 1031 fastis
547 994 598 1031 ad
635 994 873 1045 Lupercalia
915 994 994 1033 “C.
1034 995 1196 1033 Caesari
1232 995 1417 1033 dictatori

161 1059 354 1106 perpetuo
383 1056 439 1094 M.
472 1057 696 1095 Antonium
720 1058 921 1096 consulem
944 1058 1084 1109 populi
1109 1058 1222 1096 iussu
1247 1071 1417 1108 regnum

163 1119 375 1167 detulisse3
425 1120 636 1158 Caesarem
673 1121 733 1159 uti
762 1121 977 1159 noluisse.'’
1051 1122 1223 1159 Iamiam
1253 1122 1416 1160 minime
1438 1135 1481 1172 35

161 1183 283 1221 miror
315 1187 354 1221 te
388 1184 513 1222 otium
550 1185 812 1235 perturbare;
855 1199 935 1223 non
967 1186 1084 1223 modo
1110 1185 1252 1223 urbem
1286 1185 1415 1224 odisse

164 1246 232 1284 sed
265 1247 386 1284 etiam
422 1247 572 1295 lucem3
626 1262 716 1286 cum
752 1248 1031 1299 perditissimis
1066 1249 1292 1287 latronibus
1334 1262 1415 1287 non

161 1309 289 1347 solum
309 1309 358 1348 de
379 1310 444 1348 die
468 1311 538 1348 sed
566 1311 687 1350 etiam
719 1312 761 1349 in
790 1312 896 1349 diem
924 1312 1075 1350 bibere.
1133 1312 1218 1350 Ubi
1242 1313 1347 1350 enim
1370 1316 1415 1350 tu

161 1374 203 1410 in
240 1387 337 1424 pace
376 1374 596 1412 consistes?
669 1374 747 1416 Qui
784 1375 893 1413 locus
929 1375 1006 1413 tibi
1037 1375 1080 1412 in
1108 1375 1270 1426 legibus
1305 1379 1343 1413 et
1373 1376 1415 1412 in

159 1437 318 1474 iudiciis
347 1450 432 1475 esse
459 1442 600 1488 potest,
624 1452 728 1488 quae
753 1443 809 1487 tu,
833 1443 1031 1489 quantum
1056 1439 1156 1477 inte
1175 1439 1265 1487 fuit,
1289 1439 1413 1477 domi-
1435 1454 1483 1488 40

161 1505 260 1538 natu
289 1501 401 1551 regio
431 1501 658 1540 sustulisti?
717 1502 867 1539 Ideone
904 1503 949 1540 L.
979 1503 1222 1552 Tarquinius
1251 1507 1414 1541 exactus

158 1568 228 1611 est,
263 1563 330 1615 Sp.
364 1564 536 1613 Cassius,
575 1565 641 1616 Sp.
670 1566 854 1614 Maelius,
890 1566 946 1603 M.
981 1566 1160 1603 Manlius
1190 1566 1332 1615 necati,
1366 1570 1411 1604 ut

156 1627 293 1665 multis
327 1632 418 1678 post
454 1628 622 1666 saeculis
658 1641 681 1665 a
719 1629 775 1666 M.
807 1628 982 1667 Antonio
1020 1642 1091 1666 rex
1128 1630 1281 1667 Romae
1318 1642 1407 1667 con-

157 1691 390 1729 stitueretur
404 1691 421 1729 ΣΡ

205 1754 386 1793 XXXV.
426 1757 486 1792 88.
526 1755 605 1793 Sed
637 1755 689 1793 ad
719 1756 897 1807 auspicia
927 1756 1148 1805 redeamus,
1182 1756 1231 1793 de
1260 1755 1409 1806 quibus
1429 1755 1477 1795 35

153 1818 298 1856 Idibus
317 1818 478 1856 Martiis
495 1818 575 1856 fuit
594 1819 636 1856 in
655 1823 799 1857 senatu
818 1819 966 1858 Caesar
988 1824 1161 1857 acturus.
1220 1819 1378 1860 Quaero
1397 1835 1406 1858 :

154 1886 242 1920 tum
266 1886 312 1919 tu
331 1881 431 1932 quid
460 1882 640 1932 egisses?
693 1883 922 1921 Audiebam
948 1883 1135 1933 equidem
1160 1887 1199 1921 te
1222 1887 1410 1933 paratum

151 1947 319 1994 venisse,
343 1945 453 1996 quod
480 1959 544 1984 me
571 1946 620 1984 de
647 1947 847 1984 ementitis
873 1947 1072 1997 auspiciis,
1097 1946 1246 1996 quibus
1274 1950 1410 1984 tamen

152 2022 293 2060 parere
326 2022 486 2047 necesse
519 2014 615 2058 erat,
650 2014 816 2061 putares
848 2023 934 2049 esse
967 2011 1179 2049 dicturum.
1237 2010 1408 2048 Sustulit
1429 2023 1447 2059 5

152 2073 267 2111 illum
287 2073 393 2110 diem
411 2073 576 2112 fortuna
600 2074 658 2111 rei
685 2074 882 2125 publicae.
939 2074 1050 2112 Num
1070 2075 1191 2112 etiam
1217 2078 1333 2112 tuum
1359 2074 1408 2112 de

153 2137 342 2187 auspiciis
378 2137 570 2175 iudicium
606 2138 794 2176 interitus
830 2138 1014 2176 Caesaris
1056 2138 1256 2176 sustulit?
1328 2137 1407 2175 Sed

152 2200 273 2238 incidi
309 2201 352 2238 in
388 2201 430 2239 id
457 2205 626 2251 tempus,
650 2202 758 2251 quod
778 2202 827 2239 iis
853 2202 985 2250 rebus,
1021 2201 1064 2239 in
1091 2215 1194 2252 quas
1221 2202 1406 2252 ingressa

152 2268 238 2302 erat
265 2264 403 2311 oratio,
426 2265 760 2315 praevertendum
789 2268 860 2303 est.
917 2264 1030 2306 Quae
1058 2268 1130 2303 tua
1158 2265 1269 2315 fuga,
1302 2277 1406 2313 quae

150 2328 322 2365 formido
348 2328 552 2378 praeclaro
570 2328 638 2365 illo
666 2328 752 2367 die!
798 2328 910 2369 Quae
929 2332 1094 2378 propter
1119 2328 1404 2365 conscientiam
1430 2341 1474 2365 10

150 2391 342 2429 scelerum
372 2391 598 2441 desperatio
628 2391 745 2439 vitae,
780 2404 869 2429 cuni
900 2404 949 2428 ex
978 2391 1049 2428 illa
1079 2392 1179 2441 fuga
1210 2391 1404 2428 beneficio

255 2456 286 2480 o.
308 2455 417 2480 PmL.
439 2456 481 2481 η.
1347 2448 1370 2480 4
