1736 2615
212 163 259 197 58
795 172 945 197 CICERO.

211 262 261 300 43
281 262 420 300 tulisse
444 266 488 300 ut
515 262 681 311 quintus
707 266 915 311 praeterea
947 261 1032 298 dies
1064 262 1225 299 Caesari
1258 263 1532 302 tribueretur?

281 326 362 363 Cur
393 339 473 362 non
507 338 643 362 sumus
672 324 943 375 praetextati?
998 324 1079 362 Cur
1110 325 1301 363 honorem
1334 326 1527 376 Caesaris,

281 393 350 426 tua
386 389 475 438 lege
513 388 663 435 datum,
705 388 833 425 deseri
866 388 1073 438 patimur?
1126 388 1192 425 An
1223 390 1533 439 supplicationes

219 467 227 489 1
241 466 257 500 5
284 452 466 489 addendo
487 452 592 488 diem
613 452 876 493 contaminari
902 465 1045 501 passus
1079 465 1130 499 es,
1158 452 1387 502 pulvinaria
1418 454 1531 491 nolu-

283 516 377 553 isti?
431 515 516 552 Aut
538 516 716 564 undique
745 515 980 565 religionem
1005 515 1100 552 tolle
1124 520 1194 553 aut
1215 529 1343 565 usque
1371 530 1532 567 quaque

282 592 482 616 conserva.
543 582 626 615 111.
663 579 832 618 Quaeris
861 579 1069 628 placeatne
1097 579 1197 616 mihi
1224 580 1412 629 pulvinar
1434 593 1529 628 esse,

281 643 501 692 fastigium,
538 642 767 679 flaminem:
810 642 909 679 mihi
936 655 1029 680 vero
1062 642 1163 679 nihil
1185 643 1352 680 istorum
1381 644 1531 694 plaeet3

284 706 351 743 sed
383 710 439 754 tu,
473 706 543 755 qui
574 710 661 743 acta
694 705 877 743 Caesaris
909 706 1102 752 defendis,
1136 706 1234 755 quid
1265 710 1377 756 potes
1405 706 1533 744 dicere

219 784 262 807 zo
285 784 354 807 cur
373 770 451 806 alia
472 769 676 817 defendas,
699 769 778 806 alia
796 782 876 807 non
896 770 1040 806 cures?
1094 769 1186 807 Nisi
1212 770 1316 807 forte
1334 770 1396 808 vis
1414 770 1533 808 fateri

286 837 324 871 te
344 834 478 870 omnia
497 836 668 882 quaestu
688 837 768 879 tuo,
791 846 871 870 non
890 833 999 870 illius
1019 833 1216 883 dignitate
1235 833 1378 870 metiri.
1427 833 1534 874 Quid

284 897 334 934 ad
372 897 469 933 haec
500 896 661 933 tandem
674 896 944 946 P—Exspecto
975 897 1080 934 enim
1107 896 1378 947 eloquentiam
1407 901 1531 935 tuam.

283 961 602 997 Disertissimum
632 961 799 1009 cognovi
825 974 944 998 avum
976 964 1101 1006 tuum,
1132 964 1174 997 at
1201 964 1240 997 te
1271 960 1390 997 etiam
1421 974 1533 1010 aper-

285 1026 426 1062 tiorem
446 1024 488 1060 in
509 1024 695 1060 dicendo:
718 1024 782 1059 ille
804 1036 1020 1072 numquam
1042 1024 1251 1071 nudusest
1270 1024 1531 1073 contionatus,

218 1104 259 1137 25
289 1092 405 1126 tuum
434 1087 607 1125 hominis
639 1086 828 1137 simplicis
857 1091 995 1137 pectus
1026 1085 1276 1124 vidimus-:
1322 1088 1533 1137 responde-

284 1152 398 1189 bisne
419 1151 470 1188 ad
495 1151 618 1188 haee?
663 1149 747 1187 Aut
772 1150 932 1187 omnino
959 1149 1111 1187 hiscere
1138 1149 1334 1188 audebis?
1379 1151 1535 1200 Ecquid

285 1215 459 1266 reperies
487 1228 535 1251 ex
561 1218 643 1251 tam
666 1214 789 1263 longa
815 1214 993 1251 oratione
1018 1227 1117 1262 mea,
1147 1214 1210 1251 cui
1234 1218 1274 1251 te
1296 1215 1535 1265 respondere

216 1279 266 1318 44
286 1292 401 1330 posse
434 1278 634 1316 confidas?
696 1277 848 1316 XLIV.
894 1280 978 1315 112.
1018 1276 1096 1314 Sed
1127 1278 1344 1327 praeterita
1376 1278 1530 1316 omitta—

285 1357 395 1381 mus:
436 1343 543 1379 hunc
578 1354 705 1379 unum
743 1341 858 1388 diem,
900 1354 1035 1388 unum,
1077 1338 1253 1390 inquam,
1297 1341 1533 1379 hodiernum

285 1407 401 1454 diem,
436 1407 511 1443 hoc
540 1408 734 1455 punctum
764 1404 965 1454 temporis,
1000 1417 1078 1453 quo
1108 1404 1260 1453 loquor,
1288 1404 1470 1453 defende,
1502 1406 1534 1442 si

285 1474 411 1521 potes.
486 1468 567 1506 Cur
604 1472 848 1505 armatorum
886 1481 1030 1505 corona
1063 1472 1225 1505 senatus
1256 1472 1417 1518 saeptus
1447 1469 1534 1507 est?

245 1548 262 1583 5
287 1534 368 1572 Cur
386 1546 448 1570 me
468 1533 527 1570 tui
549 1532 741 1569 satellites
761 1545 849 1569 011111
870 1531 1014 1581 gladiis
1041 1532 1242 1570 audiunt?
1297 1531 1377 1569 Cur
1395 1533 1535 1570 valvae

287 1597 529 1636 Concordiae
548 1610 627 1633 non
649 1596 813 1646 patent?
860 1595 941 1632 Cur
959 1595 1140 1632 homines
1155 1596 1333 1632 omnium
1353 1596 1535 1646 gentium

285 1661 459 1698 maxime
495 1659 701 1706 barbaros,
742 1659 934 1708 Ityraeos,
976 1672 1065 1695 cum
1101 1659 1258 1708 sagittis
1291 1659 1452 1696 deducis
1494 1659 1537 1696 in

287 1724 450 1762 forum?
495 1722 694 1760 Praesidii
716 1723 777 1760 sui
796 1736 917 1759 causa
937 1735 977 1759 se
992 1722 1122 1759 facere
1143 1722 1248 1759 dicit.
1300 1722 1393 1759 Non
1412 1722 1537 1772 igitur

286 1788 445 1825 miliens
477 1787 607 1837 perire
640 1789 698 1823 est
730 1785 873 1823 melius
911 1798 1033 1835 quam
1066 1785 1107 1822 in
1146 1799 1218 1822 sua
1255 1785 1414 1823 civitate
1452 1786 1536 1823 sine

224 1867 266 1890 10
288 1855 532 1889 armatorum
569 1849 767 1900 praesidio
800 1862 880 1886 non
909 1862 1024 1899 posse
1056 1849 1219 1887 vivere?
1274 1848 1351 1887 Sed
1380 1849 1537 1887 nullum

287 1920 346 1953 est
366 1915 485 1962 istud,
508 1914 608 1950 mihi
634 1913 760 1959 crede,
783 1912 1055 1963 praesidium:
1086 1913 1253 1950 caritate
1282 1916 1321 1949 te
1350 1917 1388 1950 et
1416 1913 1534 1950 beno-

287 1979 463 2017 volentia
482 1978 627 2015 civium
651 1980 834 2026 saeptum
858 1980 1014 2026 oportet
1035 1989 1131 2024 esse,
1153 1989 1234 2013 non
1258 1976 1389 2013 armis.
1451 1979 1534 2014 113.

291 2043 446 2092 Eripiet
492 2046 531 2078 et
573 2040 829 2089 extorquebit
873 2039 949 2077 tibi
989 2040 1066 2076 ista
1102 2039 1274 2090 populus
1314 2039 1532 2088 Romanus,

287 2107 441 2143 utinam
489 2105 608 2142 salvis
654 2103 796 2141 nobis!
863 2103 941 2140 Sed
979 2117 1140 2153 quoquo
1176 2103 1294 2140 modo
1330 2103 1537 2140 nobiscum

226 2184 264 2218 15
289 2170 428 2219 egeris,
479 2169 574 2205 dum
621 2168 721 2204 istis'
752 2167 926 2204 consiliis
972 2168 1106 2215 uteris,
1151 2180 1230 2203 non
1276 2171 1399 2217 potes,
1439 2167 1537 2203 mihi

287 2233 412 2280 credo,
441 2245 524 2269 esse
552 2232 778 2268 diuturnus.
836 2231 995 2267 Etenim
1028 2231 1104 2267 ista
1133 2234 1203 2267 tua
1228 2231 1391 2267 minime
1416 2243 1538 2268 avara

288 2297 472 2343 coniunx,
506 2308 627 2344 quam
655 2307 728 2343 ego
760 2294 843 2331 sine
877 2293 1117 2330 contumelia
1145 2294 1335 2340 dese-ribo,
1369 2294 1538 2330 nimium

287 2360 358 2397 diu
415 2359 535 2396 debet
607 2357 753 2408 populo
822 2358 1004 2394 Romano
1071 2357 1229 2394 tertiam
1292 2358 1536 2407 pensionem.
