1736 2615
709 174 912 202 PHILIPPIO
938 174 983 202 11.

1463 166 1508 204 19

187 265 386 305 detulerat
417 278 466 304 ex
495 265 719 304 latronibus
751 266 832 304 suis
861 266 1142 317 principatum,
1168 266 1324 306 salvum
1354 279 1440 306 esse
1459 266 1483 307 3

185 330 387 378 voluisset,
424 329 466 367 in
497 329 660 367 Italiam
693 329 750 367 ire
782 329 973 376 iussisset,
1012 343 1103 367 eum
1132 334 1178 368 tu
1210 330 1439 369 occideres?

186 394 250 432 fac
280 393 468 444 potuisse.
526 392 642 434 Quod
675 397 733 431 est
763 393 883 441 aliud,
907 397 1042 443 patres
1073 394 1295 445 conscripti,
1318 394 1438 433 bene-

186 457 320 495 ficium
357 457 569 503 latronum,
606 456 683 494 nisi
713 460 758 494 ut
790 469 1096 495 commemorare
1132 458 1286 508 possint
1316 458 1365 497 iis
1397 471 1439 496 se

187 520 344 558 dedisse
372 520 506 567 vitam,
537 519 685 569 quibus
713 533 794 557 non
822 520 1075 559 ademerint?
1131 521 1247 563 Quod
1276 522 1308 559 si
1337 525 1440 560 esset

186 584 435 631 beneficium,
470 596 690 633 nunquam,
723 583 794 633 qui
830 584 944 621 illum
981 584 1267 623 interfecerunt
1303 598 1326 623 a
1359 598 1439 635 quo

187 652 302 685 erant
347 647 579 694 conservati,
629 660 730 696 quos
784 650 829 684 tu
883 647 1123 685 clarissimos
1177 648 1283 686 viros
1339 649 1440 687 soles

187 710 402 761 appellare,
442 714 598 748 tantam
635 714 766 748 essent
809 710 978 760 gloriam
1024 711 1236 750 consecuti.
1313 711 1440 753 Quale

187 779 323 812 autem
370 774 607 811 beneficium
654 778 723 822 est,
765 774 873 824 quod
919 778 958 811 te
1004 774 1247 813 abstinueris
1283 776 1437 814 nefario

187 837 360 876 scelere?
415 837 504 878 Qua
540 837 581 874 in
614 850 657 874 re
689 850 768 875 non
801 841 884 876 tam
922 838 1140 876 iucundum
1176 839 1276 876 mihi
1312 840 1438 878 videri

183 901 324 939 debuit
353 914 434 938 non
464 901 718 939 interfectum
748 914 811 939 me
834 915 858 939 a
883 905 932 950 te,
968 915 1090 951 quam
1119 903 1309 940 miserum
1334 907 1374 941 te
1398 903 1440 940 id

181 965 344 1015 impune
363 964 494 1002 facere
514 965 705 1015 potuisse.
756 968 790 1003 6.
819 964 897 1002 Sed
918 966 969 1003 sit
988 966 1236 1015 beneficium,
1256 967 1435 1017 quando-

183 1029 346 1079 quidem
376 1029 506 1066 maius
538 1028 661 1079 accipi
692 1042 715 1066 a
745 1029 899 1066 latrone
929 1029 1086 1067 nullum
1114 1031 1267 1080 potuit3
1298 1031 1339 1068 in
1359 1044 1438 1081 quo

185 1096 299 1143 potes
317 1105 380 1129 me
401 1092 530 1129 dicere
550 1092 786 1142 ingratum?
840 1092 906 1130 An
925 1093 975 1130 de
994 1093 1160 1131 interitu
1179 1095 1236 1131 rei
1255 1094 1440 1144 publicae

184 1156 300 1206 queri
319 1168 399 1193 non
420 1155 553 1203 debui,
577 1168 627 1193 ne
655 1156 697 1193 in
725 1160 764 1194 te
792 1156 976 1206 ingratus
996 1157 1184 1195 viderer?
1235 1157 1290 1196 At
1309 1158 1350 1195 in
1369 1158 1441 1196 illa

183 1219 372 1269 querella,
397 1219 543 1256 misera
570 1219 733 1269 quidem
762 1223 801 1257 et
830 1219 1012 1258 luctuosa
1043 1221 1111 1258 sed
1140 1221 1239 1258 mihi
1269 1235 1340 1272 pro
1366 1222 1440 1260 hoc

185 1282 326 1333 gradu,
380 1282 422 1319 in
477 1296 557 1332 quo
608 1296 671 1320 me
718 1287 882 1321 senatus
926 1284 1180 1335 populusque
1234 1285 1441 1324 Romanus

184 1346 401 1393 collocavit,
451 1347 687 1395 necessaria,
737 1347 837 1396 quid
882 1351 941 1385 est
986 1348 1136 1386 dictum
1179 1362 1202 1386 a
1245 1362 1308 1386 me
1351 1363 1441 1387 cum

184 1409 437 1458 contumelia,
481 1409 580 1459 quid
625 1423 705 1447 non
748 1410 962 1459 moderate,
1014 1411 1113 1461 quid
1152 1425 1233 1449 non
1284 1414 1439 1452 amice?

183 1472 300 1514 Quod
329 1473 492 1522 quidem
521 1473 632 1510 cuius
660 1475 949 1524 temperantiae
975 1475 1065 1523 fuit,
1097 1475 1146 1512 de
1175 1476 1231 1514 M.
1263 1477 1439 1515 Antonio

183 1541 419 1586 querentem
461 1536 662 1574 abstinere
707 1537 940 1586 maledictis,
982 1539 1217 1589 praesertim
1260 1553 1349 1578 cum
1394 1545 1440 1579 tu

181 1600 373 1650 reliquias
412 1600 470 1637 rei
509 1600 696 1650 publicae
737 1600 1026 1651 dissipavisses,
1068 1616 1157 1640 cum
1203 1602 1310 1640 domi
1346 1608 1440 1641 tuae

183 1664 416 1714 turpissimo
452 1667 632 1701 mercatu
669 1665 803 1702 omnia
841 1669 972 1702 essent
1000 1666 1171 1715 venalia,
1205 1680 1294 1704 cum
1330 1667 1440 1718 leges

184 1740 262 1776 eas,
304 1740 408 1777 quae
436 1740 647 1777 nunquam
679 1728 958 1778 promulgatae
997 1734 1139 1778 essent,
1177 1733 1215 1767 et
1248 1730 1296 1767 de
1329 1735 1368 1768 te
1402 1736 1440 1768 et

182 1804 206 1829 a
241 1794 282 1828 te
318 1791 422 1828 latas
459 1791 702 1840 confiterere,
743 1805 833 1829 cum
871 1793 1048 1843 auspicia
1078 1807 1220 1843 augur,
1254 1794 1438 1832 interces-

180 1854 332 1892 sionem
352 1854 490 1892 consul
511 1854 751 1900 sustulisses,
775 1869 865 1893 cum
885 1869 991 1894 esses
1018 1857 1247 1894 foedissime
1266 1859 1440 1908 stipatus

179 1917 356 1964 armatis,
375 1930 465 1955 cum
484 1930 621 1955 omnes
641 1918 893 1968 impuritates
913 1919 1057 1969 pudica
1077 1920 1119 1957 in
1139 1921 1255 1958 domo
1276 1921 1438 1959 cottidie

179 1981 411 2031 susciperes,
433 1981 526 2019 vino
554 1981 772 2032 lustrisque
801 1983 1017 2021 confectus.
1076 1984 1111 2021 7.
1143 1984 1198 2022 At
1227 1998 1313 2035 ego,
1336 1989 1436 2024 tam-

177 2058 301 2095 quam
336 2045 436 2082 mihi
473 2058 563 2083 cum
600 2045 657 2083 M.
694 2045 836 2084 Crasso
874 2047 1073 2085 contentio
1111 2052 1225 2096 esset,
1265 2061 1438 2098 quocum

180 2108 331 2146 multae
351 2111 390 2145 et
411 2121 506 2145 sane
521 2121 693 2159 magnae
712 2109 888 2158 fuerunt,
908 2123 988 2147 non
1007 2124 1097 2148 cum
1115 2124 1196 2149 uno
1216 2111 1439 2161 gladiatore

179 2172 436 2222 nequissimo,
460 2172 508 2209 de
529 2185 571 2209 re
598 2172 760 2223 publica
790 2174 966 2223 graviter
994 2187 1168 2224 querens
1197 2175 1246 2212 de
1274 2175 1437 2213 homine

179 2236 282 2273 nihil
302 2236 410 2274 dixi:
440 2235 579 2285 itaque
607 2236 726 2273 hodie
754 2236 968 2286 perficiam,
999 2241 1045 2275 ut
1072 2238 1283 2288 intellegat
1310 2252 1437 2289 quan·

1463 473 1508 497 10

1462 1109 1508 1133 20

1462 1427 1505 1462 25

1462 1746 1508 1780 30

1461 2062 1504 2099 35

179 2303 266 2336 tum
296 2312 319 2336 a
351 2312 416 2335 me
448 2299 687 2336 beneficium
720 2304 806 2337 tum
839 2301 1046 2351 acceperit.
1117 2302 1192 2341 IV.
1227 2303 1283 2340 At
1315 2303 1481 2342 etiam4

177 2362 343 2412 litteras,
367 2375 468 2415 quas
487 2375 550 2401 me
571 2362 648 2402 sibi
675 2363 830 2404 misisse
858 2364 1016 2416 diceret,
1040 2366 1222 2406 recitavit
1247 2366 1366 2408 homo
1395 2370 1434 2410 et
