1736 2615
234 152 283 187 42
817 163 964 188 emano.

234 251 284 290 27
303 250 382 288 alia
418 251 584 298 mimae3
632 251 773 288 domus
811 256 895 289 erat
933 252 1177 290 aleatoribus
1223 252 1382 300 referta,
1431 252 1551 303 plena

304 314 525 361 ebriorum;
555 318 658 351 totos
678 315 763 352 (lies
781 315 998 365 potabatur
1018 320 1138 365 atque
1158 316 1199 352 id
1226 316 1322 353 locis
1341 316 1549 366 pluribus3

237 393 282 416 20
304 377 626 427 suggerebantur
670 378 790 415 etiam
838 392 1091 429 saepe—non
1137 379 1243 416 enim
1284 392 1439 429 semper
1475 379 1550 417 iste

304 441 601 478 felix—damna
621 441 833 489 aleatoria3
864 443 1123 492 conchyliatis
1149 442 1220 481 Gn.
1248 443 1415 493 Pompei
1447 442 1550 493 peri-

304 505 503 542 stromatis
540 518 744 543 servorum
784 506 826 542 in
869 506 978 544 cellis
1022 506 1144 544 lectos
1191 510 1335 544 stratos
1379 506 1548 544 videres.

304 568 433 609 Quam
460 568 510 605 ob
540 582 623 606 rem
649 569 817 607 desinite
850 569 986 607 mirari
1014 569 1112 608 haec
1141 574 1224 608 tam
1257 570 1436 608 celeriter
1466 582 1551 607 esse

303 635 562 682 consumpta:
611 645 691 669 non
720 633 837 670 modo
877 633 997 670 unius
1039 633 1325 684 patrimonium
1368 633 1552 683 quamvis

237 709 253 731 2
263 709 279 743 5
303 695 491 745 amplum,
514 699 560 733 ut
578 695 678 733 illud
696 696 785 744 fuit,
811 696 879 733 sed
898 696 1019 734 urbes
1039 701 1078 734 et
1096 710 1223 747 regna
1241 697 1420 735 celeriter
1438 700 1552 734 tanta

303 759 483 808 nequitia
513 759 703 797 devorare
735 760 941 810 potuisset.
997 760 1052 797 At
1080 761 1186 798 idem
1216 761 1334 798 aedes
1363 760 1483 798 etiam
1514 764 1552 797 et

304 822 451 860 hortos.
509 826 569 861 68.
601 823 633 861 O
654 824 861 861 audaciam
880 824 1117 862 immanem!
1173 825 1235 862 Tu
1254 825 1375 862 etiam
1394 824 1551 874 ingredi

303 886 409 923 illam
449 887 610 924 domum
643 901 763 925 ausus
797 901 848 935 es,
885 892 930 925 tu
961 888 1063 925 illud
1101 888 1394 926 sanctissimum
1431 888 1553 925 limen

304 950 464 998 intrare,
493 954 538 987 tu
570 950 731 988 illarum
761 951 921 989 aedium
954 952 1015 989 dis
1047 952 1261 1002 penatibus
1295 966 1338 990 os
1368 952 1552 1002 impuris-

238 1028 283 1062 30
305 1014 449 1050 simum
479 1014 716 1053 ostendere?
788 1015 919 1055 Quam
952 1015 1115 1052 domum
1153 1015 1402 1065 aliquamdiu
1437 1028 1554 1052 nemo

306 1077 480 1127 aspicere
505 1082 672 1128 poterat,
700 1091 816 1115 nemo
848 1078 931 1115 sine
959 1078 1133 1116 lacrimis
1160 1079 1388 1129 praeterire,
1412 1079 1487 1116 hac
1515 1082 1554 1116 te

305 1141 346 1177 in
359 1141 473 1178 domo
490 1145 571 1178 tam
587 1141 657 1178 diu
672 1142 873 1179 deversari
892 1155 971 1179 non
991 1143 1116 1192 pudet
1131 1143 1147 1180 ?
1193 1142 1244 1180 In
1259 1156 1351 1192 qua,
1371 1142 1555 1192 quamvis

306 1204 407 1240 nihil
439 1205 581 1254 sapias,
616 1209 751 1242 tamen
783 1205 886 1242 nihil
918 1206 992 1243 tibi
1030 1210 1162 1256 potest
1199 1220 1284 1243 esse
1321 1206 1551 1243 iucundum.

236 1268 285 1307 28
305 1268 513 1307 XXVIII.
547 1268 613 1305 An
658 1272 703 1306 tu
752 1269 821 1306 illa
866 1270 908 1306 in
953 1270 1152 1307 vestibulo
1197 1274 1327 1307 rostra
1363 1283 1452 1307 cum
1494 1282 1555 1306 as-

305 1331 462 1382 perusti,
479 1332 640 1369 domum
655 1336 766 1369 tuam
781 1336 820 1370 te
835 1333 999 1370 introire
1011 1334 1159 1383 putas?
1188 1333 1296 1370 Fieri
1310 1346 1390 1371 non
1404 1336 1552 1383 potest:

305 1396 489 1445 quamvis
505 1396 610 1432 enim
630 1396 714 1433 sine
733 1400 876 1442 mente,
895 1397 979 1434 sine
999 1410 1118 1434 sensu
1138 1397 1201 1443 sis,
1222 1401 1267 1434 ut
1287 1410 1338 1444 es,
1362 1401 1497 1434 tamen
1518 1400 1557 1433 et

305 1463 344 1497 te
360 1463 398 1497 et
412 1464 483 1497 tua
503 1463 541 1497 et
561 1464 651 1497 tuos
669 1460 786 1498 nosti.
842 1460 927 1497 Nec
941 1473 1033 1498 vero
1051 1464 1089 1497 te
1104 1474 1285 1510 unquam
1305 1473 1435 1510 neque
1454 1460 1555 1509 vigi-

267 1537 283 1571 5
305 1523 455 1561 lantem
480 1536 610 1573 neque
636 1523 676 1560 in
708 1524 856 1562 somnis
883 1524 998 1562 credo
1021 1537 1136 1574 posse
1159 1528 1291 1562 mente
1317 1524 1554 1562 consistere:

307 1600 465 1625 necesse
481 1592 550 1635 est,
569 1588 753 1637 quamvis
774 1588 838 1636 sis,
856 1592 902 1625 ut
918 1601 969 1635 es,
988 1588 1220 1626 vinulentus
1239 1592 1278 1626 et
1296 1588 1446 1635 furens,
1469 1601 1557 1625 cum

307 1651 381 1689 tibi
401 1651 555 1689 obiecta
575 1652 626 1689 sit
646 1652 795 1702 species
815 1651 1032 1701 singularis
1055 1652 1141 1699 viri,
1165 1652 1422 1702 perterritum
1447 1655 1486 1689 te
1510 1651 1558 1687 de

309 1728 445 1752 somno
465 1715 641 1763 excitari,
664 1715 798 1752 furere
818 1715 938 1752 etiam
958 1728 1076 1765 saepe
1094 1715 1341 1764 vigilantem.
1400 1718 1461 1752 69.
1491 1714 1558 1750 Me

309 1779 472 1828 quidem
513 1779 674 1816 miseret
718 1779 920 1829 parietum
957 1779 1136 1828 ipsorum
1184 1783 1304 1828 atque
1350 1782 1555 1816 tectorum.

248 1856 289 1879 10
311 1841 418 1882 Quid
446 1843 551 1879 enim
579 1855 759 1892 unquam
789 1842 931 1880 domus
960 1842 1030 1879 illa
1061 1841 1216 1879 viderat
1249 1841 1326 1878 nisi
1355 1841 1556 1891 pudicum,

309 1905 408 1955 quid
444 1906 521 1943 nisi
554 1919 603 1943 ex
640 1906 788 1956 optimo
825 1918 933 1943 more
967 1909 1006 1942 et
1043 1905 1292 1942 sanctissima
1322 1903 1560 1954 disciplina?

310 1968 406 2006 Fuit
435 1969 541 2006 enim
566 1969 633 2006 ille
658 1969 729 2016 vir,
759 1973 894 2019 patres
922 1969 1145 2018 conscripti,
1176 1968 1292 2006 sicuti
1321 1967 1438 2015 scitis,
1472 1980 1561 2004 cum

309 2032 408 2069 foris
427 2033 556 2070 clarus
575 2037 660 2070 tum
680 2033 787 2070 domi
807 2032 1077 2078 admirandus,
1095 2044 1226 2081 neque
1245 2031 1366 2069 rebus
1386 2030 1560 2068 externis

310 2096 440 2145 magis
460 2096 685 2133 laudandus
706 2110 827 2145 quam
847 2096 1042 2133 institutis
1061 2095 1298 2133 domesticis.
1355 2094 1492 2132 Huius
1519 2093 1561 2130 in

253 2172 289 2206 ¹5
313 2159 481 2197 aedibus
508 2173 579 2210 pro
608 2160 800 2197 cubiculis
822 2159 992 2205 stabula,
1016 2172 1087 2209 pro
1108 2158 1362 2197 conclavibus
1389 2157 1562 2208 popinae

313 2227 418 2260 sunt.
475 2223 561 2260 Etsi
584 2223 663 2260 iam
690 2227 824 2273 negat.
881 2222 1018 2260 Nolite
1045 2235 1262 2271 quaerere3
1292 2221 1403 2271 frugi
1430 2222 1562 2258 factus

315 2290 396 2324 est:
437 2286 645 2323 mimulam
684 2300 797 2323 suam
834 2299 927 2323 suas
959 2299 1022 2323 res
1060 2286 1136 2322 sibi
1166 2285 1316 2322 habere
1352 2284 1478 2332 iussit,
1513 2296 1562 2320 ex

315 2350 523 2387 duodecim
552 2350 701 2387 tabulis
731 2350 860 2387 claves
890 2349 1047 2396 ademit,
1082 2349 1226 2399 exegit.
1286 2348 1415 2389 Quam
1445 2359 1562 2397 porro
