1736 2615
670 186 872 212 Pmmrmc
900 184 942 211 11.
1420 175 1466 209 25

149 294 294 332 genere
339 281 676 318 monimentorum
728 291 907 315 meorum
953 276 1164 326 perfecisse
1202 279 1247 313 ut
1284 275 1440 312 meae8

149 344 311 394 vigiliae
356 355 549 393 meaeque
594 342 752 380 litterae
799 345 838 378 et
883 340 1082 377 iuventuti
1128 339 1315 377 utilitatis
1361 342 1400 376 et
1422 342 1467 387 36

149 408 300 446 nomini
334 408 517 445 Romano
547 406 679 443 laudis
710 404 863 454 aliquid
901 403 1116 441 adferrent.
1192 402 1270 440 Sed
1300 402 1399 440 haec

147 484 227 508 non
247 470 367 508 huius
386 469 576 520 temporis
592 483 600 506 ε
630 468 785 506 maiora
803 467 1025 505 videamus.

198 533 278 571 IX.
310 537 370 571 21.
401 533 446 571 P.
483 532 667 571 Clodium
703 544 791 569 meo
828 531 991 569 consilio
1029 530 1284 568 interfectum
1317 529 1445 568 esse9

147 596 297 635 dixisti.
346 596 547 638 Quidnam
560 596 742 633 homines
758 599 957 645 putarent,
975 595 1007 631 si
1021 599 1106 632 tum
1119 595 1269 632 occisus
1282 598 1397 642 esset,

146 673 236 697 cum
255 664 300 697 tu
319 659 433 697 illum
452 660 493 696 in
512 660 598 696 foro
619 659 866 709 inspectante
885 658 1033 708 populo
1057 659 1240 695 Romano
1261 657 1396 707 gladio

147 724 351 761 insecutus
381 736 421 760 es
454 723 744 772 negotiumque
774 722 1053 771 transegisses,
1084 721 1163 759 nisi
1196 734 1236 759 se
1265 721 1334 757 ille
1362 721 1403 757 in

148 786 274 824 scalas
310 785 503 824 tabernae
539 785 728 822 librariae
775 785 1005 822 coniecisset
1042 784 1171 834 iisque
1210 784 1399 835 oppilatis
1421 797 1438 832 5

147 848 340 900 impetum
356 853 470 886 tuum
485 848 779 898 compressisset
794 848 811 886 Ρ
852 847 969 888 Quod
983 848 1146 897 quidem
1163 861 1237 898 ego
1253 847 1400 885 favisse

147 926 210 951 me
229 913 304 950 tibi
322 913 462 959 fateor,
487 912 658 950 suasisse
678 925 727 949 ne
746 915 792 950 tu
811 912 973 961 quidem
1001 912 1111 949 dicis.
1171 911 1227 949 At
1255 911 1399 949 Miloni

147 989 197 1014 ne
230 977 366 1014 favere
402 976 566 1026 quidem
609 975 744 1026 potui;
791 976 904 1026 prius
941 975 1047 1013 enim
1084 988 1168 1013 rem
1205 975 1402 1025 transegit

146 1053 269 1089 quam
289 1039 506 1089 quisquam
526 1052 616 1076 eum
635 1038 838 1076 facturum
857 1038 898 1075 id
920 1039 1202 1090 suspicaretur.
1258 1038 1313 1077 At
1329 1051 1403 1089 ego

147 1104 268 1141 suasi.
327 1102 483 1141 Scilicet
508 1102 542 1140 is
564 1102 722 1140 animus
751 1106 837 1139 erat
864 1102 1041 1151 Milonis,
1064 1106 1109 1139 ut
1128 1101 1316 1153 prodesse
1344 1102 1402 1140 rei
1429 1116 1467 1140 10

147 1166 333 1216 publicae
365 1166 449 1204 sine
481 1179 644 1204 suasore
681 1178 763 1203 non
799 1169 946 1216 posset.
1011 1165 1065 1204 At
1098 1165 1272 1204 laetatus
1303 1179 1402 1204 sum.

149 1229 257 1270 Quid
275 1242 370 1280 ergo
386 1229 404 1266 *Ρ
435 1229 477 1266 in
496 1233 610 1267 tanta
628 1229 784 1266 laetitia
811 1233 976 1267 cunctae
1005 1229 1178 1267 civitatis
1196 1243 1259 1267 me
1279 1243 1405 1267 unum

148 1293 303 1331 tristem
319 1305 404 1331 esse
420 1292 660 1343 oportebat?
707 1295 767 1330 22.
799 1291 1055 1342 Quamquam
1071 1293 1120 1330 de
1134 1297 1261 1331 morte
1277 1293 1405 1331 Clodii

147 1356 226 1394 fuit
261 1356 578 1406 quaestio—non
615 1355 713 1394 satis
750 1356 971 1406 prudenter
1006 1356 1077 1394 illa
1114 1357 1277 1407 quidem
1314 1371 1402 1395 con-

148 1419 306 1467 stituta;
336 1419 434 1469 quid
455 1420 560 1457 enim
581 1419 780 1457 attinebat
799 1433 902 1458 nova
920 1420 1009 1470 lege
1032 1420 1173 1470 quaeri
1193 1420 1241 1458 de
1257 1434 1313 1469 eo,
1333 1422 1403 1471 qui
1430 1436 1468 1470 ¹5

148 1483 352 1521 hominem
385 1483 600 1530 occidisset,
636 1497 726 1521 cum
767 1488 870 1522 esset
905 1484 1065 1534 legibus
1101 1485 1284 1534 quaestio
1317 1498 1405 1522 con-

150 1547 320 1585 stituta?
360 1546 597 1588 Quaesitum
623 1550 683 1585 est
712 1551 860 1585 tamen.
915 1547 1032 1589 Quod
1061 1548 1197 1598 igitur,
1226 1562 1315 1586 cum
1343 1562 1406 1586 res

150 1610 358 1660 agebatur,
391 1624 507 1648 nemo
538 1610 580 1647 in
609 1623 672 1648 me
709 1609 822 1659 dixit,
857 1610 899 1648 id
934 1615 994 1649 tot
1025 1611 1140 1649 annis
1166 1615 1257 1662 post
1286 1616 1332 1650 tu
1365 1625 1407 1650 es

151 1673 338 1712 inventus
357 1675 427 1724 qui
448 1674 630 1712 diceres?

203 1741 264 1776 23.
298 1738 414 1779 Quod
432 1751 526 1776 vero
550 1738 679 1776 dicere
710 1751 833 1776 ausus
865 1752 906 1776 es
938 1738 1061 1789 idque
1091 1739 1229 1777 multis
1258 1740 1402 1787 verbis,
1430 1755 1475 1778 zo

150 1814 271 1852 opera
289 1815 378 1839 mea
397 1801 635 1852 Pompeium
652 1815 675 1840 a
690 1802 874 1840 Caesaris
891 1802 1065 1840 amicitia
1082 1816 1165 1841 esse
1182 1803 1405 1842 diiunctum

149 1865 200 1903 ob
221 1878 389 1915 eamque
409 1879 569 1903 causam
589 1866 707 1916 culpa
726 1879 815 1904 mea
840 1866 992 1904 bellum
1012 1867 1126 1905 civile
1147 1881 1231 1905 esse
1252 1873 1402 1918 natum,

149 1930 191 1967 in
211 1942 256 1967 eo
275 1943 355 1967 non
375 1933 420 1967 tu
444 1929 607 1979 quidem
635 1933 720 1967 tota
744 1943 798 1978 re,
828 1930 907 1977 sed,
941 1931 1050 1980 quod
1078 1931 1300 1970 maximum
1332 1937 1401 1980 est,

152 1992 400 2042 temporibus
415 1993 569 2030 errasti.
617 1993 672 2031 X.
704 1994 792 2043 Ego
811 1994 868 2031 M.
887 1994 1046 2043 Bibulo,
1065 1996 1407 2045 praestantissimo
1431 1996 1479 2036 10

150 2056 245 2104 cive,
268 2055 429 2094 consule
448 2056 550 2093 nihil
568 2057 830 2106 praetermisi,
863 2062 1061 2107 quantum
1081 2058 1211 2096 facere
1231 2061 1409 2110 enitique

151 2119 275 2170 potui,
312 2119 412 2169 quin
435 2120 674 2170 Pompeium
702 2134 726 2158 a
754 2120 937 2159 Caesaris
964 2122 1241 2160 coniunctione
1269 2137 1407 2163 avoca·

149 2195 251 2231 rem;
278 2183 321 2220 in
344 2196 423 2233 quo
450 2183 597 2221 Caesar
625 2183 778 2222 felicior
803 2184 904 2222 fuit:
937 2185 1022 2235 ipse
1043 2186 1149 2223 enim
1168 2187 1406 2238 Pompeium

153 2259 178 2283 a
219 2259 308 2284 mea
338 2246 616 2284 familiaritate
652 2247 839 2286 diiunxit.
898 2249 1044 2287 Postea
1080 2264 1173 2288 vero
1204 2264 1326 2300 quam
1369 2266 1448 2302 se5

152 2312 282 2348 totum
311 2309 528 2361 Pompeius
553 2310 714 2350 Caesari
744 2311 920 2357 tradidit,
966 2312 1064 2362 quid
1098 2326 1172 2364 ego
1203 2315 1317 2353 illum
1356 2317 1408 2355 ab

152 2385 197 2410 eo
235 2372 454 2411 distrahere
492 2375 685 2413 conarer?
741 2374 863 2414 Stulti
901 2381 987 2415 erat
1024 2390 1194 2428 sperare,
1238 2380 1406 2420 suadere
