1736 2615
241 135 289 171 30
825 143 973 169 emano.

242 234 290 273 14
310 237 442 272 actum
470 234 539 272 sed
568 237 693 272 totam
721 233 904 271 fabulam
932 233 1200 271 confecissem.
1257 233 1511 284 Quamquam
1530 233 1564 273 si

268 302 288 336 6
310 297 477 336 interfici
515 297 726 335 Caesarem
761 296 934 335 voluisse
971 296 1119 334 crimen
1156 300 1225 345 est,
1266 296 1368 346 vide,
1399 310 1560 347 quaeso,

310 361 471 409 Antoni,
495 360 593 410 quid
631 360 705 397 tibi
742 360 925 397 futurum
962 360 1022 408 sit,
1046 373 1167 410 quem
1200 364 1238 398 et
1267 360 1458 399 Narbone
1490 361 1565 400 hoc

312 425 519 463 consilium
540 437 628 461 cum
648 423 690 462 G.
712 423 908 461 Trebonio
929 424 1078 474 cepisse
1097 424 1347 461 notissimum
1367 428 1437 473 est,
1454 429 1491 463 et
1514 425 1564 463 ob

313 488 398 526 eius
421 488 575 525 consilii
604 489 844 534 societatem,
867 500 956 524 cum
984 487 1271 525 interficeretur
1299 487 1456 537 Caesar,
1479 492 1565 527 tum

249 565 292 590 10
313 556 351 589 te
371 565 394 588 a
414 551 610 588 Trebonio
630 550 802 588 vidimus
823 551 1008 589 sevocari.
1040 551 1127 601 Ego
1148 551 1424 589 autem-vide
1444 565 1566 602 quam

312 619 442 652 tecum
462 627 580 664 agam
595 627 675 651 non
688 613 1008 664 inimice—quod
1020 614 1121 652 bene
1134 615 1318 664 cogitasti
1333 615 1561 664 aliquando,

312 678 448 725 laudo;
469 677 578 727 quod
596 690 676 715 non
696 678 890 726 indicasti,
911 678 1062 728 gratias
1084 692 1176 728 ago;
1197 678 1304 727 quod
1324 692 1403 715 non
1422 679 1562 728 fecisti,

312 742 499 791 ignosco:
541 741 671 779 virum
699 754 762 779 res
789 741 858 778 illa
886 742 1118 791 quaerebat.
1189 746 1248 779 35.
1281 742 1431 783 Quodsi
1458 746 1498 780 te
1525 743 1567 780 in

313 805 503 843 iudicium
524 805 615 854 quis
640 805 811 842 adducat
836 809 1081 855 usurpetque
1110 805 1211 842 illud
1234 805 1480 853 Cassianum,
1504 805 1567 842 cui

251 881 290 917 15
314 869 417 906 bono
438 868 571 916 fuerit,
594 868 697 917 vide,
721 881 880 918 quaeso,
903 881 953 906 ne
971 869 1164 906 haereas:
1195 882 1441 918 quamquam
1463 868 1564 906 illud

314 932 476 981 quidem
495 932 584 979 fuit,
609 936 654 970 ut
674 935 758 969 tute
778 931 947 979 dicebas,
971 932 1159 970 omnibus
1177 933 1293 979 bono,
1317 933 1387 982 qui
1417 933 1564 970 servire

314 995 517 1044 nolebant,
557 995 632 1033 tibi
670 999 804 1033 tamen
840 996 1064 1046 praecipue,
1105 996 1175 1045 qui
1220 1009 1300 1033 non
1336 995 1452 1033 modo
1489 1008 1569 1033 non

316 1059 439 1096 servis
460 1059 529 1096 sed
550 1059 669 1097 etiam
689 1072 857 1109 rcgnas;
888 1060 957 1109 qui
976 1060 1152 1097 maximo
1182 1063 1221 1097 te
1240 1072 1331 1096 aere
1360 1059 1488 1096 alieno
1518 1059 1569 1096 ad

316 1122 454 1160 aedem
487 1122 583 1173 Opis
620 1123 864 1171 liberavisti3
908 1123 978 1173 qui
1014 1136 1085 1173 per
1123 1122 1281 1160 easdem
1318 1122 1478 1159 tabulas
1510 1122 1567 1159 in-

249 1200 296 1224 20
318 1186 610 1224 numerabilem
639 1187 850 1237 pecuniam
879 1187 1145 1237 dissipavisti3
1177 1187 1226 1224 ad
1255 1200 1375 1236 quem
1404 1199 1424 1223 e
1453 1186 1569 1223 domo

316 1249 498 1288 Caesaris
534 1254 616 1288 tam
653 1251 780 1288 multa
817 1250 950 1288 delata
988 1254 1100 1298 sunt;
1145 1250 1257 1288 cuius
1290 1249 1395 1287 domi
1428 1262 1568 1299 quaes-

316 1313 543 1350 tuosissima
591 1317 649 1350 est
699 1313 893 1351 falsorum
939 1314 1314 1351 commentariorum
1361 1317 1399 1350 et
1444 1313 1570 1350 chiro-

317 1376 563 1427 graphorum
577 1377 744 1425 officina,
761 1390 960 1427 agrorum,
978 1377 1226 1427 oppidorum,
1244 1376 1567 1424 immunitatium,

316 1440 574 1490 vectigalium
593 1440 930 1490 flagitiosissimae
949 1441 1165 1478 nundinae.
1206 1444 1266 1478 36,
1289 1440 1447 1477 Etenim
1467 1451 1570 1488 quae

253 1517 293 1552 25
317 1517 380 1541 res
400 1504 569 1553 egestati
591 1508 628 1541 et
649 1504 731 1541 aeri
753 1504 881 1542 alieno
910 1509 979 1542 tuo
1007 1508 1166 1555 praeter
1193 1508 1360 1541 mortem
1390 1502 1571 1541 Caesaris

318 1567 530 1605 subvenire
576 1568 801 1617 potuisset?
856 1568 998 1605 Nescio
1045 1568 1143 1617 quid
1189 1567 1449 1604 conturbatus
1486 1579 1570 1603 esse

316 1630 486 1668 videris:
535 1644 632 1667 num
670 1631 768 1680 quid
806 1631 999 1668 subtimes
1037 1644 1086 1668 ne
1124 1631 1174 1668 ad
1220 1635 1258 1668 tc
1305 1630 1377 1666 hoc
1423 1630 1570 1666 crimen

316 1694 516 1744 pertinere
560 1693 774 1732 videatur?
829 1694 975 1731 Libero
1021 1698 1060 1731 te
1105 1698 1236 1731 metu:
1287 1706 1401 1730 1101110
1439 1692 1571 1729 credet

321 1770 522 1807 unquam3
564 1771 643 1795 non
677 1762 736 1795 est
768 1762 882 1795 tuum
920 1758 968 1795 de
1001 1771 1043 1795 re
1074 1758 1236 1808 public-a
1272 1757 1373 1793 benc
1406 1755 1568 1802 mereri3

250 1835 295 1871 30
316 1821 440 1858 habet
485 1822 601 1859 istius
646 1821 905 1872 pulcherrimi
950 1822 1045 1859 facti
1092 1821 1330 1858 clarissimos
1367 1820 1472 1857 viros
1507 1831 1571 1856 res

316 1884 478 1935 publica
507 1889 709 1922 auctores:
747 1898 820 1934 ego
849 1888 887 1922 tc
916 1888 1074 1922 tantum
1104 1884 1280 1934 gaudere
1309 1883 1406 1929 dico,
1430 1882 1570 1919 fecisse

316 1961 396 1986 non
416 1961 554 1998 arguo.
611 1948 817 1998 Respondi
836 1948 1020 1985 maximis
1041 1947 1297 1985 criminibus:
1325 1959 1429 1983 nunc
1450 1945 1570 1982 etiam

317 2012 482 2061 reliquis
501 2012 826 2062 respondendum
846 2015 916 2049 est.

249 2074 296 2113 15
368 2075 460 2114 XV.
502 2076 562 2114 37.
602 2074 742 2113 Castra
787 2075 886 2112 mihi
934 2075 1101 2125 Pompei
1147 2078 1268 2123 atque
1308 2073 1408 2110 illud
1454 2084 1570 2109 omne

317 2140 475 2187 tempus
512 2137 704 2175 obiecisti.
762 2136 849 2178 Quo
887 2137 1051 2187 quidem
1087 2140 1264 2186 temporo
1302 2135 1345 2183 si,
1389 2138 1434 2172 ut
1470 2134 1565 2182 dixi,

317 2212 450 2237 meum
495 2200 703 2238 consilium
759 2201 1055 2250 auctoritasque
1109 2200 1311 2246 valuisset,
1361 2202 1406 2236 tu
1451 2197 1568 2234 hodie

318 2276 466 2313 egeres,
490 2276 562 2301 nos
581 2264 697 2301 liberi
718 2276 904 2312 essemus,
929 2277 991 2301 res
1009 2263 1172 2314 publica
1191 2275 1271 2300 non
1296 2265 1354 2299 tot
1383 2261 1502 2298 duces
1530 2264 1568 2298 et

277 2327 515 2379 5exercitus
551 2327 760 2367 amisisset.
819 2327 964 2367 Fateor
1001 2327 1105 2366 enim
1138 2339 1212 2376 me,
1249 2338 1338 2365 cum
1371 2338 1427 2373 ea,
1464 2336 1567 2375 quae
