1736 2615
705 192 907 218 Pn1L11>1>10
934 192 977 217 11.
1456 185 1495 218 5]

181 294 324 318 nomen
360 282 402 318 in
437 286 677 332 perpetuum
713 282 762 319 ‹le
799 295 841 319 re
877 282 1040 332 publica
1077 282 1299 320 sustulisti:
1350 296 1431 332 quo
1452 283 1501 321 36

180 345 342 394 quidem
386 345 492 382 facto
537 349 695 383 tantum
731 349 770 383 te
808 347 958 395 cepisse
1001 346 1137 383 odium
1174 346 1289 396 regni
1325 346 1432 384 vide-

181 408 312 456 batur,
346 412 391 446 ut
422 409 506 446 eius
536 421 651 446 omen
684 421 799 446 omne
829 413 992 459 propter
1024 409 1197 459 proximi
1229 409 1434 447 dictatoris

180 475 333 508 metum
362 472 533 510 tolleres.
591 475 652 509 92.
683 471 910 510 Constituta
940 485 1003 509 res
1032 473 1194 522 publica
1223 473 1436 510 videbatur

181 535 280 583 aliis,
309 535 410 572 mihi
437 548 530 573 vero
558 535 669 573 nullo
697 536 826 583 modo,
853 536 924 585 qui
949 537 1083 573 omnia
1111 540 1151 574 te
1180 536 1433 586 gubernante
1457 550 1500 585 25

181 598 396 649 naufragia
428 599 670 636 metuebam.
727 598 837 636 Num
868 599 994 648 igitur
1024 613 1087 636 me
1120 600 1298 638 fefellit?
1353 600 1435 638 Aut

180 675 276 699 num
296 662 448 700 diutius
468 662 529 699 sui
549 662 680 712 potuit
700 662 906 699 dissimilis
934 663 1052 700 esse?
1107 663 1435 713 Inspectantibus

181 725 294 763 vobis
321 729 403 763 toto
438 725 634 776 Capitolio
664 725 830 763 tabulae
858 725 1100 776 figebantur,
1136 739 1268 776 neque
1306 727 1434 764 solum

181 789 350 838 singulis
377 789 571 827 venibant
599 789 875 826 immunitates
908 790 976 826 sed
1006 790 1126 827 etiam
1157 791 1317 841 populis
1346 791 1434 828 uni-

180 852 328 900 versis;
359 852 498 890 civitas
522 865 603 890 non
631 852 712 890 iam
741 852 977 902 singillatim
1002 853 1071 890 sed
1096 853 1311 903 provinciis
1335 855 1431 892 totis
1453 868 1502 904 30

180 916 366 954 dabatur.
422 916 568 966 Itaque
589 916 621 954 si
636 917 734 954 haec
753 921 928 964 manent,
949 930 1053 966 quae
1070 921 1200 955 stante
1214 931 1256 955 re
1271 917 1434 968 publica

179 992 342 1017 manere
371 993 451 1017 non
479 984 658 1030 possunt,
686 980 912 1030 provincias
938 981 1158 1029 universas,
1182 985 1317 1031 patres
1345 995 1434 1020 con-

185 1044 331 1094 scripti,
368 1044 613 1094 perdidistis,
648 1057 779 1093 neque
809 1044 1022 1094 vectigalia
1056 1045 1183 1082 solum
1215 1048 1285 1083 sed
1315 1046 1435 1083 etiam

181 1107 394 1157 imperium
434 1107 574 1158 populi
610 1108 785 1145 Romani
822 1109 943 1145 hujus
981 1108 1208 1146 domesticis
1244 1109 1436 1147 nundinis

181 1170 432 1208 deminutum
483 1175 554 1209 est.
627 1171 858 1210 XXXVII.
902 1174 963 1209 93.
1012 1171 1097 1209 Ubi
1150 1176 1209 1210 est
1256 1173 1431 1223 septiens
1452 1173 1502 1213 37

180 1234 349 1281 miliens,
391 1234 499 1283 quod
537 1238 596 1271 est
633 1235 674 1271 in
711 1234 873 1282 tabulis,
923 1248 1027 1284 quae
1074 1240 1167 1273 sunt
1213 1236 1263 1273 ad
1310 1237 1436 1287 Opis?

180 1298 382 1336 Funestae
410 1297 520 1335 illius
548 1297 713 1348 quidem
741 1298 945 1348 pecuniae,
971 1300 1039 1336 sed
1058 1302 1193 1336 tamen
1219 1313 1324 1349 quae
1348 1314 1432 1349 nos,

181 1364 214 1399 si
246 1362 306 1410 iis,
338 1375 513 1412 quorum
542 1366 636 1409 erat,
670 1375 751 1400 non
780 1362 1025 1410 redderetur,
1057 1376 1080 1400 a
1112 1364 1275 1401 tributis
1303 1368 1437 1414 posset

181 1426 394 1464 vindicare.
450 1426 513 1463 Tu
532 1430 668 1463 autem
687 1425 1047 1476 quadringentiens
1068 1428 1305 1475 sestertium,
1328 1429 1436 1478 quod
1458 1442 1475 1478 5

181 1489 326 1527 Idibus
356 1489 517 1527 Martiis
545 1489 733 1537 debuisti,
755 1503 931 1539 quonam
960 1490 1077 1528 modo
1107 1495 1200 1528 ante
1228 1492 1437 1530 Kalendas

181 1552 342 1603 Apriles
363 1553 508 1590 debere
528 1553 699 1591 desisti?
754 1553 857 1590 Sunt
873 1566 918 1590 ea
933 1554 1096 1603 quidem
1111 1554 1433 1605 innumerabilia,

182 1629 287 1666 quae
321 1630 344 1654 a
373 1618 455 1655 tuis
493 1617 731 1655 emebantur
766 1630 847 1654 non
885 1617 1077 1655 insciente
1115 1622 1164 1667 te,
1206 1620 1274 1656 sed
1311 1633 1436 1658 unum

183 1680 393 1730 egregium
412 1680 462 1718 de
481 1693 577 1730 rege
598 1680 801 1727 Deiotaro,
825 1681 965 1730 populi
986 1681 1161 1718 Romani
1182 1683 1433 1733 amicissimo,

183 1744 387 1782 decretum
405 1744 447 1781 in
467 1743 665 1794 Capitolio
685 1744 833 1781 fixum:
865 1757 945 1794 quo
972 1746 1176 1795 proposito
1205 1759 1322 1784 nemo
1352 1752 1437 1786 erat
1463 1763 1506 1787 10

183 1807 255 1858 qui
281 1807 323 1845 in
350 1808 437 1858 ipso
467 1808 602 1845 dolore
630 1808 755 1845 risum
792 1812 927 1858 posset
962 1809 1175 1847 continere.
1247 1814 1307 1848 94.
1339 1811 1439 1852 Quis

184 1871 291 1909 enim
306 1871 495 1921 cuiquam
509 1871 707 1908 inimicior
726 1884 849 1921 quam
869 1871 1059 1909 Deiotaro
1077 1872 1252 1911 Caesar?
1298 1873 1439 1924 Aeque

184 1940 306 1986 atque
338 1935 432 1972 huic
463 1935 605 1981 ordini,
647 1939 692 1972 ut
730 1935 918 1984 equestri,
953 1940 998 1973 ut
1035 1937 1370 1987 Massiliensibus,
1395 1944 1440 1977 ut

184 1999 382 2046 omnibus,
412 1998 562 2048 quibus
589 2012 673 2036 rem
701 1999 904 2049 publicam
937 1999 1079 2050 populi
1106 2000 1280 2038 Romani
1307 2015 1441 2041 caram

185 2076 271 2101 esse
304 2063 513 2100 sentiebat.
588 2062 723 2112 Igitur
751 2076 774 2100 a
801 2076 881 2112 quo
909 2064 999 2101 vivo
1037 2077 1109 2101 nec
1144 2078 1333 2115 praesens
1369 2080 1442 2105 nec
1467 2081 1507 2117 15

186 2127 331 2164 absens
358 2140 430 2163 rex
459 2127 675 2164 Deiotarus
698 2127 916 2176 quicquam
942 2128 1061 2177 aequi
1080 2128 1176 2166 bom'
1195 2129 1438 2180 impetravit,

185 2191 294 2241 apud
321 2195 524 2227 mortuum
548 2191 679 2228 factus
706 2195 765 2228 est
791 2191 1004 2241 gratiosus.
1062 2191 1332 2242 Compellarat
1351 2195 1442 2233 hos-

185 2255 310 2305 pitem
340 2267 542 2304 praesens,
579 2258 845 2304 computarat,
883 2255 1095 2305 pecuniam
1132 2256 1360 2307 imperarat,
1402 2260 1444 2297 in

188 2318 274 2355 eius
310 2317 527 2355 tetrarchia
563 2330 690 2355 unum
721 2331 771 2355 ex
804 2318 967 2356 Graecis
1005 2319 1218 2358 comitibus
1251 2321 1335 2359 suis
1366 2322 1443 2360 col-

186 2382 345 2427 locarat,
385 2381 617 2418 Armeniam
661 2381 884 2419 abstulerat
914 2395 938 2420 a
968 2387 1109 2420 senatu
1141 2382 1295 2423 datam:
1346 2386 1445 2425 haec
1466 2400 1514 2425 zo
