1736 2615
679 218 880 244 PmmPPIc
908 217 951 245 11.
1430 213 1476 247 33

206 310 348 348 XVII.
379 309 493 346 Haec
529 312 575 346 ut
610 307 828 358 colligeres,
870 308 988 345 homo
1027 310 1309 358 amentissime,
1350 314 1408 348 tot
1431 312 1478 350 17

154 372 239 410 dies
258 373 299 409 in
320 372 450 410 aliena
464 371 562 410 villa
580 371 840 409 declamasti?
895 371 1148 422 Quamquam
1168 377 1213 410 tu
1231 374 1404 423 quidem,

154 441 200 474 ut
244 436 305 473 tui
349 435 654 473 familiarissimi
700 435 896 483 dictitant,
938 435 1021 473 vini
1058 436 1286 484 exhalandi,
1327 451 1406 475 non

155 500 307 549 ingenii
327 499 494 537 acuendi
514 512 633 536 causa
662 498 872 536 declamas.
929 498 985 536 At
1012 512 1106 537 vero
1136 500 1304 538 adhibes
1332 501 1407 539 ioci

153 576 274 600 causa
293 563 543 612 magistrum,
569 562 762 612 suffragio
782 566 851 600 tuo
880 566 918 600 et
946 567 1219 613 compotorum
1248 568 1407 602 tuorum
1431 577 1448 613 5

153 626 363 674 rhetorem,
397 626 459 664 cui
487 626 713 663 concessisti
743 630 789 663 ut
818 625 860 662 in
890 630 928 663 te
959 639 1064 676 quac
1093 627 1213 664 vellet
1244 627 1402 677 diceret,

153 690 303 728 salsum
330 690 490 727 omnino
518 689 731 736 hominem,
766 689 835 726 sed
862 690 1032 727 materia
1060 690 1189 727 facilis
1210 694 1269 729 est
1296 691 1339 728 in
1366 694 1405 729 te

153 758 192 791 et
211 754 253 790 in
280 757 371 791 tuos
399 753 504 790 dicta
532 753 674 790 dicere.
730 753 834 792 Vide
855 757 990 790 autem
1009 754 1107 803 quid
1126 754 1283 792 intersit
1303 755 1407 792 inter

151 821 190 855 te
210 821 248 855 et
267 830 388 856 avum
406 820 522 854 tuum
539 831 546 854 ε
587 816 654 853 ille
675 816 822 854 sensim
842 816 1001 855 dicebat
1019 817 1129 867 quod
1147 830 1291 855 causae
1316 831 1406 868 pro·

152 881 303 928 desset;
333 885 378 918 tu
405 881 551 918 cursim
571 880 668 917 dicis
697 880 841 917 aliena.
899 884 961 919 43.
993 880 1049 918 At
1076 885 1230 931 quanta
1257 894 1407 919 merces
1434 896 1477 921 ιο

150 944 301 981 rhetori
330 944 424 982 data
453 943 528 981 est!
584 943 744 991 Audite,
779 944 927 992 audite,
958 948 1093 994 patres
1113 945 1334 995 conscripti,
1369 949 1408 983 et

150 1009 375 1057 cognoscite
420 1008 479 1045 rei
525 1007 710 1058 publicae
742 1007 908 1046 volnera
952 1008 1032 1045 duo
1068 1008 1181 1045 milia
1217 1009 1406 1058 iugerum

149 1072 279 1122 campi
316 1071 503 1121 Leontini
549 1071 670 1109 Sexto
715 1071 854 1109 Clodio
901 1071 1051 1109 rhetori
1098 1072 1322 1121 adsignasti
1368 1076 1408 1111 et

150 1135 313 1184 quidem
359 1135 564 1182 immunia,
605 1139 651 1172 ut
688 1135 828 1185 populi
865 1135 1039 1173 Romani
1077 1139 1190 1172 tanta
1226 1136 1407 1174 mercede

150 1199 252 1236 nihil
281 1212 419 1249 sapere
447 1199 631 1237 disceres.
687 1199 798 1236 Num
826 1199 948 1236 etiam
974 1199 1059 1247 hoc,
1083 1199 1202 1236 homo
1226 1199 1406 1237 audacis·
1434 1212 1473 1248 15

150 1263 260 1311 sime,
292 1275 341 1300 ex
370 1262 554 1300 Caesaris
581 1263 907 1300 commentariis?
964 1261 1043 1300 Sed
1071 1262 1200 1300 dicam
1224 1262 1302 1301 alio
1321 1263 1406 1301 loco

151 1330 190 1364 et
218 1326 266 1364 de
296 1327 491 1364 Leontino
523 1339 621 1376 agro
655 1330 693 1363 et
723 1326 772 1363 de
803 1325 1021 1376 Campano,
1052 1339 1153 1376 quos
1182 1326 1258 1364 iste
1289 1340 1407 1377 agros

151 1394 307 1441 ereptos
323 1391 379 1427 rei
395 1390 580 1441 publicae
595 1390 838 1440 turpissimis
850 1391 1148 1440 possessoribus
1162 1391 1404 1441 inquinavit.

150 1453 240 1491 Iam
270 1454 376 1491 enim
405 1454 597 1504 quoniam
627 1453 861 1491 criminibus
892 1454 977 1491 eius
1007 1454 1105 1491 satis
1134 1454 1334 1505 respondi,
1357 1454 1406 1492 de

153 1517 239 1568 ipso
261 1517 515 1556 emendatore
544 1522 582 1555 et
610 1521 827 1555 correctore
855 1522 991 1555 nostro
1020 1518 1220 1567 quaedam
1240 1518 1408 1556 dicenda
1430 1532 1476 1556 zo

152 1586 258 1619 sunt.
314 1595 386 1619 nec
407 1582 513 1619 enim
541 1582 675 1619 omnia
704 1581 922 1630 effundam,
944 1586 1001 1630 ut,
1025 1582 1058 1619 si
1088 1582 1247 1632 saepius
1275 1582 1406 1620 decer-

150 1646 320 1684 tandum
366 1645 427 1694 sit,
476 1649 522 1683 ut
568 1646 653 1693 erit,
698 1658 854 1696 semper
890 1658 1018 1683 novus
1053 1646 1236 1683 veniam:
1285 1659 1408 1696 quam

151 1709 385 1747 facultatem
412 1709 512 1745 mihi
540 1709 757 1747 multitudo
784 1709 901 1746 istius
927 1709 1118 1747 vitiorum
1136 1713 1405 1760 peccatorum-

151 1786 230 1823 que
254 1772 439 1822 largitur.

202 1836 369 1876 XVIII.
405 1840 466 1873 44.
499 1837 623 1875 Visne
653 1837 780 1886 igitur
815 1840 855 1874 te
892 1836 1153 1887 inspiciamus
1190 1850 1213 1874 a
1249 1837 1405 1887 puero?
1428 1837 1476 1876 18

153 1900 216 1938 Sic
253 1901 414 1950 opinor,
458 1913 481 1937 a
510 1900 705 1950 principio
733 1900 946 1938 ordiamur.
1004 1901 1184 1938 Tenesne
1216 1901 1407 1939 memoria

152 1967 450 2015 praetextatum
486 1968 525 2001 te
559 1963 795 2002 decoxisse?
856 1963 1055 2001 “Patris'’
1094 1964 1254 2014 inquies
1298 1964 1407 2002 “ista

152 2027 269 2078 culpa
286 2026 386 2065 est.'’
430 2027 631 2074 Concedo,
653 2027 801 2064 etenim
821 2031 881 2065 est
899 2027 1063 2078 pietatis
1076 2028 1196 2078 plena
1212 2028 1404 2066 defensio,

152 2091 264 2128 Illud
291 2094 426 2128 tamen
460 2090 653 2128 audaciae
683 2094 787 2139 tuae,
820 2091 929 2140 quod
962 2091 1099 2129 sedisti
1128 2092 1171 2129 in
1198 2095 1406 2142 quattuor·
1429 2106 1446 2139 5

153 2155 280 2193 decim
312 2154 533 2202 ordinibus,
568 2168 659 2192 cum
696 2159 799 2193 esset
828 2155 918 2205 lege
954 2155 1101 2193 Roscia
1132 2155 1407 2194 decoctoribus

152 2221 284 2256 certus
319 2217 440 2266 locus,
482 2217 667 2267 quamvis
703 2218 795 2268 quis
832 2219 1018 2257 fortunae
1054 2218 1163 2265 vitio,
1203 2232 1284 2257 non
1322 2232 1404 2267 suo,

154 2281 386 2319 decoxisset.
445 2280 661 2331 Sumpsisti
680 2282 847 2331 virilem,
871 2296 995 2332 quam
1015 2282 1151 2320 statim
1169 2283 1409 2320 muliebrem

153 2349 291 2395 togam
311 2344 535 2382 reddidisti.

207 2407 286 2446 Sed
331 2408 407 2445 Cibo
458 2407 578 2449 Curio
623 2409 851 2450 intervenit.
934 2414 998 2448 45.
1053 2409 1182 2447 Nemo
1227 2423 1408 2460 unquam
1432 2424 1476 2447 10

258 2472 474 2501 c.PH1L.11‚
1347 2466 1370 2499 3
