1736 2615
698 225 901 252 Pmmrrm
928 226 972 253 11.
1447 218 1489 252 21

177 330 297 368 quem
316 329 445 368 neque
467 317 682 355 auctoritas
701 317 823 354 huius
843 316 993 354 ordinis
1021 329 1152 366 neque
1181 315 1424 353 existimatio
1443 315 1468 353 4

174 381 313 431 populi
348 381 522 419 Romani
557 393 687 430 neque
726 380 837 431 leges
874 380 981 418 ullae
1016 384 1179 431 possent
1216 380 1425 417 coercere?

179 447 238 482 10.
268 445 423 484 Verumv
446 449 581 482 tamen
597 444 707 493 ‘quid
735 448 820 481 erat
848 443 956 494 quod
982 457 1046 481 me
1076 456 1249 493 rogares,
1278 443 1311 480 si
1341 447 1426 481 erat

175 507 219 555 is,
242 508 291 545 de
314 521 394 558 quo
421 508 606 558 rogabas,
630 507 812 546 Caesaris
834 507 924 557 lege
944 507 1163 545 reductus?
1219 506 1298 544 Sed
1316 506 1422 544 vide·
1446 521 1494 555 40

174 570 266 608 licet
284 584 414 609 meam
442 571 615 621 gratiam
633 571 761 609 voluit
781 583 866 609 esse
884 571 926 608 in
945 584 1026 620 quo
1046 583 1095 608 ne
1115 570 1243 621 ipsius
1262 570 1426 620 quidem

175 633 260 671 ulla
279 647 363 672 esse
382 639 539 685 poterat
558 634 647 685 lege
667 635 763 673 lata.

226 697 275 737 V.
308 697 386 735 Sed
405 711 494 735 cum
512 698 624 742 mihi,
641 702 777 748 patres
795 698 1017 749 conscripti,
1041 703 1080 737 et
1098 712 1170 749 pro
1189 710 1252 735 me
1272 697 1427 747 aliquid
1446 697 1468 736 5

175 764 214 798 et
238 761 280 798 in
299 761 355 798 M.
377 761 598 799 Antenium
620 761 748 799 multa
777 761 944 800 dicenda
971 762 1060 811 sint,
1085 762 1256 800 alterum
1282 765 1376 811 peto
1405 774 1428 798 a

173 824 297 872 vobis,
332 828 377 862 ut
407 837 471 862 me
500 838 572 875 pro
601 838 665 862 me
698 824 895 863 dicentem
924 825 1109 876 benigne,
1138 825 1310 863 alterum
1342 824 1426 874 ipse

175 888 352 935 efficiam,
384 892 589 926 utcontra
616 888 731 926 illum
760 901 850 926 cum
880 888 1020 935 dicam,
1056 892 1207 927 attente
1237 887 1425 925 audiatis.

175 950 302 989 Simul
337 951 438 989 illud
467 964 546 1000 oro,
584 952 616 989 si
648 965 779 989 meam
811 965 900 990 cum
932 952 974 989 in
1011 952 1119 990 omni
1151 951 1234 990 vita
1268 955 1354 988 tum
1386 951 1428 987 in
1450 964 1467 999 5

174 1014 341 1053 dicendo
388 1014 702 1053 moderationem
751 1016 1068 1066 modestiamque
1115 1014 1327 1065 cognostis,
1375 1027 1425 1052 ne

173 1091 237 1116 me
262 1077 391 1125 hodie,
419 1091 508 1116 cum
536 1078 613 1126 isti,
646 1082 691 1116 ut
714 1079 954 1129 provocavit,
977 1078 1229 1129 respondero,
1259 1077 1431 1115 oblitum

175 1155 260 1180 esse
285 1142 436 1192 putetis
464 1142 554 1179 mei.
611 1142 705 1179 Non
734 1142 916 1180 tractabo
948 1146 994 1180 ut
1023 1141 1249 1180 consulem:
1280 1154 1331 1178 ne
1363 1140 1431 1178 ille

174 1205 338 1255 quidem
356 1218 419 1243 me
439 1209 484 1243 ut
503 1205 764 1244 consularem.
812 1205 900 1243 Etsi
919 1205 987 1243 ille
1006 1205 1116 1243 nullo
1142 1205 1259 1242 modo
1279 1203 1427 1251 consul,

174 1268 238 1307 vel
268 1268 377 1318 quod
406 1269 463 1306 ita
492 1268 592 1307 vivit
616 1268 680 1306 vel
705 1268 815 1318 quod
838 1269 895 1306 ita
917 1282 1001 1306 rem
1021 1268 1226 1319 publicam
1246 1268 1350 1318 gerit
1368 1267 1433 1305 vel
1458 1282 1500 1305 10

174 1332 283 1382 quod
318 1332 375 1370 ita
410 1331 541 1370 factus
578 1336 658 1380 est3
698 1345 773 1382 ego
807 1332 891 1369 sine
924 1332 1009 1370 ulla
1042 1332 1310 1370 controversia
1342 1344 1430 1369 con-

176 1395 333 1434 sularis.
404 1398 463 1433 11.
507 1396 566 1434 Ut
596 1395 724 1446 igitur
755 1396 1043 1446 intellegeretis
1079 1395 1241 1445 qualem
1274 1395 1359 1446 ipse
1390 1408 1431 1432 se

175 1459 377 1498 consulem
409 1459 673 1510 profiteretur,
704 1459 847 1497 obiecit
874 1459 974 1496 mihi
1004 1459 1255 1497 consulatum
1284 1472 1430 1496 meum.

178 1523 258 1564 Qui
285 1523 516 1560 consulatus
542 1522 664 1561 verbo
692 1536 815 1571 meus,
839 1528 974 1573 patres
997 1523 1217 1573 conscripti,
1241 1536 1283 1560 re
1302 1526 1434 1560 vester

176 1587 281 1625 fuit:
312 1586 410 1636 quid
431 1586 536 1623 enim
557 1599 630 1636 ego
651 1587 849 1634 constitui,
874 1587 973 1636 quid
993 1587 1110 1637 gessi,
1136 1586 1234 1636 quid
1264 1586 1329 1636 egi
1356 1585 1433 1622 nisi
1460 1600 1468 1622 ι
1481 1598 1499 1633 5

176 1663 226 1688 ex
244 1649 366 1688 huius
383 1649 534 1687 ordinis
556 1649 731 1697 consilio,
756 1650 1006 1698 auctoritate,
1030 1649 1258 1687 sententia?
1316 1649 1429 1686 Haec

176 1717 221 1752 tu
238 1713 357 1751 homo
377 1713 548 1763 sapiens,
566 1726 647 1751 non
666 1713 794 1751 solum
815 1713 1016 1763 eloquens,
1039 1713 1148 1764 apud
1164 1726 1240 1761 eos,
1260 1725 1432 1762 quorum

176 1774 338 1813 consilio
367 1774 644 1824 sapientiaque
673 1778 789 1824 gesta
817 1779 920 1822 sunt,
954 1787 1076 1812 ausus
1104 1787 1145 1811 es
1173 1772 1433 1823 vituperare?

178 1837 277 1880 Quis
296 1841 431 1875 autem
452 1850 586 1874 meum
619 1837 871 1875 consulatum
900 1842 1059 1888 praeter
1089 1840 1127 1874 te
1158 1835 1433 1886 Publiumque

178 1901 361 1940 Clodium
385 1901 456 1951 qui
485 1901 732 1951 vituperaret
761 1902 948 1939 inventus
978 1901 1065 1939 est?
1121 1900 1245 1938 Cuius
1267 1900 1431 1950 quidem
1456 1913 1503 1937 zo

178 1965 254 2004 tibi
279 1965 421 2012 fatum,
449 1964 551 2002 sicut
575 1963 617 2002 C.
639 1964 814 2012 Curioni,
838 1968 985 2012 manet,
1008 1964 1200 2014 quoniam
1226 1964 1267 2000 id
1297 1963 1438 2001 domus

178 2032 272 2067 tuae
310 2031 380 2072 est,
420 2027 529 2078 quod
565 2028 644 2066 fuit
673 2028 834 2066 illorum
863 2029 1025 2078 utrique
1056 2027 1195 2065 fatale.
1257 2031 1315 2064 12.
1345 2027 1439 2064 Non

178 2092 310 2143 placet
345 2091 402 2129 M.
440 2091 617 2129 Antonio
655 2091 884 2129 consulatus
920 2104 1045 2129 meus.
1112 2090 1168 2128 At
1203 2090 1354 2141 placuit
1390 2090 1436 2128 P.

181 2155 359 2203 Servilio,
393 2158 439 2193 ut
469 2168 560 2192 eum
589 2155 764 2205 primum
793 2156 995 2193 nominem
1028 2168 1078 2192 ex
1109 2154 1219 2192 illius
1252 2154 1441 2204 temporis

180 2218 470 2267 consularibus,
510 2218 581 2269 qui
623 2219 805 2269 proxime
842 2223 900 2257 est
945 2222 1151 2266 mortuus;
1199 2218 1351 2269 placuit
1389 2217 1437 2259 Q.
1463 2231 1480 2254 z
1489 2229 1507 2266 5

180 2282 335 2331 Catulo,
359 2283 471 2320 cuius
491 2295 646 2333 semper
665 2283 707 2320 in
726 2283 800 2321 hac
828 2296 870 2320 re
889 2282 1052 2333 publica
1072 2282 1180 2320 vivet
1199 2282 1438 2329 auctoritas3

181 2346 332 2398 placuit
361 2345 520 2385 duobus
550 2346 740 2393 Lucullis,
775 2347 832 2384 M.
869 2346 1023 2394 Crasso,
1063 2345 1110 2387 Q.
1143 2346 1372 2393 Hortensio,
1398 2344 1440 2385 O.

182 2409 358 2460 Curioni,
408 2409 451 2450 G.
490 2409 639 2459 Pisoni,
681 2410 752 2449 M‘.
801 2409 1022 2458 Glabrioni,
1073 2409 1144 2447 M’.
1183 2408 1348 2460 Lepido,
1392 2408 1439 2448 L.
