<?xml version="1.0" encoding="UTF-8"?>
<!DOCTYPE html PUBLIC "-//W3C//DTD XHTML 1.0 Transitional//EN"
    "http://www.w3.org/TR/xhtml1/DTD/xhtml1-transitional.dtd">
<html xmlns="http://www.w3.org/1999/xhtml" xml:lang="en" lang="en">
 <head>
  <title>
</title>
<meta http-equiv="Content-Type" content="text/html;charset=utf-8" />
  <meta name='ocr-system' content='tesseract 3.04.00' />
  <meta name='ocr-capabilities' content='ocr_page ocr_carea ocr_par ocr_line ocrx_word'/>
</head>
<body>
  <div class='ocr_page' id='page_1' title='image "./philippici00ciceuoft_0054.png"; bbox 0 0 1736 2615; ppageno 0'>
   <div class='ocr_carea' id='block_1_1' title="bbox 234 160 968 199">
    <p class='ocr_par' dir='ltr' id='par_1_1' title="bbox 234 160 968 199">
     <span class='ocr_line' id='line_1_1' title="bbox 234 160 968 199; baseline 0.007 -5"><span class='ocrx_word' id='word_1_1' title='bbox 234 160 285 194; x_wconf 90' lang='lat'>44</span> <span class='ocrx_word' id='word_1_2' title='bbox 820 173 968 199; x_wconf 76' lang='lat' dir='ltr'>CICERO.</span> 
     </span>
    </p>
   </div>
   <div class='ocr_carea' id='block_1_2' title="bbox 234 260 1561 2412">
    <p class='ocr_par' dir='ltr' id='par_1_2' title="bbox 234 260 1559 438">
     <span class='ocr_line' id='line_1_2' title="bbox 234 260 1556 314; baseline 0.004 -16"><span class='ocrx_word' id='word_1_3' title='bbox 234 260 286 299; x_wconf 86' lang='lat'>29</span> <span class='ocrx_word' id='word_1_4' title='bbox 304 260 443 310; x_wconf 88' lang='lat' dir='ltr'>populi</span> <span class='ocrx_word' id='word_1_5' title='bbox 493 260 677 308; x_wconf 82' lang='lat' dir='ltr'>Romani,</span> <span class='ocrx_word' id='word_1_6' title='bbox 730 265 869 300; x_wconf 88' lang='lat' dir='ltr'>contra</span> <span class='ocrx_word' id='word_1_7' title='bbox 917 266 1099 300; x_wconf 89' lang='lat' dir='ltr'>senatum</span> <span class='ocrx_word' id='word_1_8' title='bbox 1148 263 1424 314; x_wconf 82' lang='lat' dir='ltr'>populumque</span> <span class='ocrx_word' id='word_1_9' title='bbox 1476 265 1556 303; x_wconf 83' lang='lat' dir='ltr'>Ro-</span> 
     </span>
     <span class='ocr_line' id='line_1_3' title="bbox 304 325 1558 376; baseline 0.004 -15"><span class='ocrx_word' id='word_1_10' title='bbox 304 338 480 370; x_wconf 83' lang='lat' dir='ltr'>manum,</span> <span class='ocrx_word' id='word_1_11' title='bbox 521 329 660 363; x_wconf 89' lang='lat' dir='ltr'>contra</span> <span class='ocrx_word' id='word_1_12' title='bbox 689 325 784 363; x_wconf 87' lang='lat' dir='ltr'>deos</span> <span class='ocrx_word' id='word_1_13' title='bbox 814 326 967 376; x_wconf 88' lang='lat' dir='ltr'>patrios</span> <span class='ocrx_word' id='word_1_14' title='bbox 995 339 1167 375; x_wconf 85' lang='lat' dir='ltr'>arasque</span> <span class='ocrx_word' id='word_1_15' title='bbox 1198 331 1237 365; x_wconf 89' lang='lat' dir='ltr'>et</span> <span class='ocrx_word' id='word_1_16' title='bbox 1265 328 1385 376; x_wconf 76' lang='lat' dir='ltr'>socos,</span> <span class='ocrx_word' id='word_1_17' title='bbox 1419 333 1558 366; x_wconf 87' lang='lat' dir='ltr'>contra</span> 
     </span>
     <span class='ocr_line' id='line_1_4' title="bbox 304 388 1559 438; baseline 0.005 -14"><span class='ocrx_word' id='word_1_18' title='bbox 304 389 477 438; x_wconf 80' lang='lat' dir='ltr'>patriam</span> <span class='ocrx_word' id='word_1_19' title='bbox 508 388 595 425; x_wconf 89' lang='lat' dir='ltr'>tuli.</span> <span class='ocrx_word' id='word_1_20' title='bbox 652 388 763 425; x_wconf 88' lang='lat' dir='ltr'>Num</span> <span class='ocrx_word' id='word_1_21' title='bbox 794 389 870 426; x_wconf 89' lang='lat' dir='ltr'>sibi</span> <span class='ocrx_word' id='word_1_22' title='bbox 908 389 981 427; x_wconf 89' lang='lat' dir='ltr'>soli</span> <span class='ocrx_word' id='word_1_23' title='bbox 1011 390 1137 428; x_wconf 84' lang='lat' dir='ltr'>vicit?</span> <span class='ocrx_word' id='word_1_24' title='bbox 1192 389 1373 431; x_wconf 79' lang='lat' dir='ltr'>Quorum</span> <span class='ocrx_word' id='word_1_25' title='bbox 1401 391 1559 430; x_wconf 81' lang='lat' dir='ltr'>facinus</span> 
     </span>
    </p>

    <p class='ocr_par' dir='ltr' id='par_1_3' title="bbox 237 453 1559 755">
     <span class='ocr_line' id='line_1_5' title="bbox 237 453 1556 504; baseline 0.002 -15"><span class='ocrx_word' id='word_1_26' title='bbox 237 465 282 499; x_wconf 88' lang='lat'>25</span> <span class='ocrx_word' id='word_1_27' title='bbox 306 455 365 488; x_wconf 89' lang='lat' dir='ltr'>est</span> <span class='ocrx_word' id='word_1_28' title='bbox 385 465 603 499; x_wconf 83' lang='lat' dir='ltr'>commune,</span> <span class='ocrx_word' id='word_1_29' title='bbox 635 465 705 489; x_wconf 90' lang='lat' dir='ltr'>cur</span> <span class='ocrx_word' id='word_1_30' title='bbox 733 465 815 490; x_wconf 93' lang='lat' dir='ltr'>non</span> <span class='ocrx_word' id='word_1_31' title='bbox 847 453 898 490; x_wconf 89' lang='lat' dir='ltr'>sit</span> <span class='ocrx_word' id='word_1_32' title='bbox 926 466 1064 491; x_wconf 90' lang='lat' dir='ltr'>eorum</span> <span class='ocrx_word' id='word_1_33' title='bbox 1093 454 1244 504; x_wconf 89' lang='lat' dir='ltr'>praeda</span> <span class='ocrx_word' id='word_1_34' title='bbox 1271 454 1556 493; x_wconf 79' lang='lat' dir='ltr'>comn1unis?’&#39;</span> 
     </span>
     <span class='ocr_line' id='line_1_6' title="bbox 305 514 1555 568; baseline 0.003 -16"><span class='ocrx_word' id='word_1_35' title='bbox 305 514 378 552; x_wconf 89' lang='lat' dir='ltr'>Ius</span> <span class='ocrx_word' id='word_1_36' title='bbox 407 515 653 565; x_wconf 75' lang='lat' dir='ltr'>postulabas,</span> <span class='ocrx_word' id='word_1_37' title='bbox 691 516 760 553; x_wconf 88' lang='lat' dir='ltr'>sed</span> <span class='ocrx_word' id='word_1_38' title='bbox 804 516 902 566; x_wconf 85' lang='lat' dir='ltr'>quid</span> <span class='ocrx_word' id='word_1_39' title='bbox 934 516 985 553; x_wconf 85' lang='lat' dir='ltr'>ad</span> <span class='ocrx_word' id='word_1_40' title='bbox 1014 517 1128 555; x_wconf 84' lang='lat' dir='ltr'>rem?</span> <span class='ocrx_word' id='word_1_41' title='bbox 1166 517 1258 567; x_wconf 87' lang='lat' dir='ltr'>plus</span> <span class='ocrx_word' id='word_1_42' title='bbox 1287 517 1356 555; x_wconf 84' lang='lat' dir='ltr'>ille</span> <span class='ocrx_word' id='word_1_43' title='bbox 1384 522 1555 568; x_wconf 83' lang='lat' dir='ltr'>poterat.</span> 
     </span>
     <span class='ocr_line' id='line_1_7' title="bbox 307 578 1559 631; baseline 0.003 -16"><span class='ocrx_word' id='word_1_44' title='bbox 307 579 368 616; x_wconf 84' lang='lat'>73.</span> <span class='ocrx_word' id='word_1_45' title='bbox 398 578 546 628; x_wconf 85' lang='lat' dir='ltr'>Itaque</span> <span class='ocrx_word' id='word_1_46' title='bbox 567 579 742 616; x_wconf 81' lang='lat' dir='ltr'>excussis</span> <span class='ocrx_word' id='word_1_47' title='bbox 761 579 842 617; x_wconf 89' lang='lat' dir='ltr'>tuis</span> <span class='ocrx_word' id='word_1_48' title='bbox 860 579 1026 618; x_wconf 88' lang='lat' dir='ltr'>vocibus</span> <span class='ocrx_word' id='word_1_49' title='bbox 1047 584 1086 618; x_wconf 88' lang='lat' dir='ltr'>et</span> <span class='ocrx_word' id='word_1_50' title='bbox 1105 581 1156 618; x_wconf 86' lang='lat' dir='ltr'>ad</span> <span class='ocrx_word' id='word_1_51' title='bbox 1178 584 1218 618; x_wconf 85' lang='lat' dir='ltr'>te</span> <span class='ocrx_word' id='word_1_52' title='bbox 1244 584 1284 618; x_wconf 89' lang='lat' dir='ltr'>et</span> <span class='ocrx_word' id='word_1_53' title='bbox 1311 581 1363 618; x_wconf 90' lang='lat' dir='ltr'>ad</span> <span class='ocrx_word' id='word_1_54' title='bbox 1390 582 1559 631; x_wconf 89' lang='lat' dir='ltr'>praedes</span> 
     </span>
     <span class='ocr_line' id='line_1_8' title="bbox 305 641 1559 694; baseline 0.003 -16"><span class='ocrx_word' id='word_1_55' title='bbox 305 644 396 679; x_wconf 90' lang='lat' dir='ltr'>tuos</span> <span class='ocrx_word' id='word_1_56' title='bbox 431 641 578 679; x_wconf 86' lang='lat' dir='ltr'>milites</span> <span class='ocrx_word' id='word_1_57' title='bbox 619 642 740 688; x_wconf 90' lang='lat' dir='ltr'>misit,</span> <span class='ocrx_word' id='word_1_58' title='bbox 780 656 870 680; x_wconf 88' lang='lat' dir='ltr'>cum</span> <span class='ocrx_word' id='word_1_59' title='bbox 912 646 1076 694; x_wconf 90' lang='lat' dir='ltr'>repente</span> <span class='ocrx_word' id='word_1_60' title='bbox 1113 656 1137 681; x_wconf 89' lang='lat' dir='ltr'>a</span> <span class='ocrx_word' id='word_1_61' title='bbox 1172 647 1213 681; x_wconf 88' lang='lat' dir='ltr'>te</span> <span class='ocrx_word' id='word_1_62' title='bbox 1245 644 1452 694; x_wconf 84' lang='lat' dir='ltr'>praeclara</span> <span class='ocrx_word' id='word_1_63' title='bbox 1487 644 1559 682; x_wconf 86' lang='lat' dir='ltr'>illa</span> 
     </span>
     <span class='ocr_line' id='line_1_9' title="bbox 304 704 1558 755; baseline 0.002 -13"><span class='ocrx_word' id='word_1_64' title='bbox 304 704 445 742; x_wconf 87' lang='lat' dir='ltr'>tabula</span> <span class='ocrx_word' id='word_1_65' title='bbox 472 705 630 755; x_wconf 87' lang='lat' dir='ltr'>prolata</span> <span class='ocrx_word' id='word_1_66' title='bbox 654 710 723 743; x_wconf 86' lang='lat' dir='ltr'>est.</span> <span class='ocrx_word' id='word_1_67' title='bbox 774 705 852 747; x_wconf 81' lang='lat' dir='ltr'>Qui</span> <span class='ocrx_word' id='word_1_68' title='bbox 877 707 982 744; x_wconf 86' lang='lat' dir='ltr'>risus</span> <span class='ocrx_word' id='word_1_69' title='bbox 1007 707 1237 745; x_wconf 71' lang='lat' dir='ltr'>hominum!</span> <span class='ocrx_word' id='word_1_70' title='bbox 1281 707 1450 745; x_wconf 84' lang='lat' dir='ltr'>Tantam</span> <span class='ocrx_word' id='word_1_71' title='bbox 1474 721 1558 746; x_wconf 89' lang='lat' dir='ltr'>esse</span> 
     </span>
    </p>

    <p class='ocr_par' dir='ltr' id='par_1_4' title="bbox 240 768 1559 1076">
     <span class='ocr_line' id='line_1_10' title="bbox 240 768 1559 822; baseline 0.003 -17"><span class='ocrx_word' id='word_1_72' title='bbox 240 782 286 817; x_wconf 87' lang='lat'>30</span> <span class='ocrx_word' id='word_1_73' title='bbox 307 768 498 817; x_wconf 86' lang='lat' dir='ltr'>tabulam,</span> <span class='ocrx_word' id='word_1_74' title='bbox 547 773 631 806; x_wconf 91' lang='lat' dir='ltr'>tam</span> <span class='ocrx_word' id='word_1_75' title='bbox 670 770 813 818; x_wconf 85' lang='lat' dir='ltr'>varias,</span> <span class='ocrx_word' id='word_1_76' title='bbox 858 774 941 808; x_wconf 87' lang='lat' dir='ltr'>tam</span> <span class='ocrx_word' id='word_1_77' title='bbox 990 771 1139 809; x_wconf 88' lang='lat' dir='ltr'>multas</span> <span class='ocrx_word' id='word_1_78' title='bbox 1178 772 1461 822; x_wconf 87' lang='lat' dir='ltr'>possessiones,</span> <span class='ocrx_word' id='word_1_79' title='bbox 1509 784 1559 809; x_wconf 86' lang='lat' dir='ltr'>ex</span> 
     </span>
     <span class='ocr_line' id='line_1_11' title="bbox 305 831 1558 885; baseline 0.002 -17"><span class='ocrx_word' id='word_1_80' title='bbox 305 831 454 881; x_wconf 84' lang='lat' dir='ltr'>quibus</span> <span class='ocrx_word' id='word_1_81' title='bbox 495 836 655 882; x_wconf 88' lang='lat' dir='ltr'>praeter</span> <span class='ocrx_word' id='word_1_82' title='bbox 699 838 855 884; x_wconf 87' lang='lat' dir='ltr'>partem</span> <span class='ocrx_word' id='word_1_83' title='bbox 897 834 1044 872; x_wconf 84' lang='lat' dir='ltr'>Miseni</span> <span class='ocrx_word' id='word_1_84' title='bbox 1079 835 1183 872; x_wconf 86' lang='lat' dir='ltr'>nihil</span> <span class='ocrx_word' id='word_1_85' title='bbox 1220 838 1305 873; x_wconf 90' lang='lat' dir='ltr'>erat</span> <span class='ocrx_word' id='word_1_86' title='bbox 1342 835 1451 885; x_wconf 87' lang='lat' dir='ltr'>quod</span> <span class='ocrx_word' id='word_1_87' title='bbox 1487 835 1558 884; x_wconf 91' lang='lat' dir='ltr'>qui</span> 
     </span>
     <span class='ocr_line' id='line_1_12' title="bbox 307 896 1557 948; baseline 0.002 -15"><span class='ocrx_word' id='word_1_88' title='bbox 307 896 605 934; x_wconf 76' lang='lat' dir='ltr'>auctionaretur</span> <span class='ocrx_word' id='word_1_89' title='bbox 633 901 767 948; x_wconf 89' lang='lat' dir='ltr'>posset</span> <span class='ocrx_word' id='word_1_90' title='bbox 798 911 914 935; x_wconf 84' lang='lat' dir='ltr'>suum</span> <span class='ocrx_word' id='word_1_91' title='bbox 939 897 1091 936; x_wconf 78' lang='lat' dir='ltr'>dicere!</span> <span class='ocrx_word' id='word_1_92' title='bbox 1137 898 1347 936; x_wconf 90' lang='lat' dir='ltr'>Auctionis</span> <span class='ocrx_word' id='word_1_93' title='bbox 1368 911 1463 936; x_wconf 87' lang='lat' dir='ltr'>vero</span> <span class='ocrx_word' id='word_1_94' title='bbox 1485 898 1557 935; x_wconf 88' lang='lat' dir='ltr'>mi-</span> 
     </span>
     <span class='ocr_line' id='line_1_13' title="bbox 306 960 1558 1012; baseline 0.001 -14"><span class='ocrx_word' id='word_1_95' title='bbox 306 960 490 998; x_wconf 88' lang='lat' dir='ltr'>serabilis</span> <span class='ocrx_word' id='word_1_96' title='bbox 527 964 733 1011; x_wconf 87' lang='lat' dir='ltr'>aspectus:</span> <span class='ocrx_word' id='word_1_97' title='bbox 775 961 898 999; x_wconf 88' lang='lat' dir='ltr'>vestis</span> <span class='ocrx_word' id='word_1_98' title='bbox 934 961 1103 1012; x_wconf 88' lang='lat' dir='ltr'>Pompei</span> <span class='ocrx_word' id='word_1_99' title='bbox 1139 975 1220 999; x_wconf 90' lang='lat' dir='ltr'>non</span> <span class='ocrx_word' id='word_1_100' title='bbox 1255 962 1385 999; x_wconf 87' lang='lat' dir='ltr'>multa</span> <span class='ocrx_word' id='word_1_101' title='bbox 1431 974 1558 1011; x_wconf 89' lang='lat' dir='ltr'>eaque</span> 
     </span>
     <span class='ocr_line' id='line_1_14' title="bbox 305 1023 1555 1076; baseline 0.002 -16"><span class='ocrx_word' id='word_1_102' title='bbox 305 1023 532 1072; x_wconf 82' lang='lat' dir='ltr'>maculosa3</span> <span class='ocrx_word' id='word_1_103' title='bbox 581 1024 759 1062; x_wconf 89' lang='lat' dir='ltr'>eiusdem</span> <span class='ocrx_word' id='word_1_104' title='bbox 795 1025 995 1075; x_wconf 83' lang='lat' dir='ltr'>quaedam</span> <span class='ocrx_word' id='word_1_105' title='bbox 1040 1029 1233 1076; x_wconf 86' lang='lat' dir='ltr'>argentea</span> <span class='ocrx_word' id='word_1_106' title='bbox 1274 1038 1371 1063; x_wconf 85' lang='lat' dir='ltr'>vasa</span> <span class='ocrx_word' id='word_1_107' title='bbox 1407 1025 1555 1072; x_wconf 83' lang='lat' dir='ltr'>collisa,</span> 
     </span>
    </p>

    <p class='ocr_par' dir='ltr' id='par_1_5' title="bbox 239 1086 1561 1329">
     <span class='ocr_line' id='line_1_15' title="bbox 239 1086 1561 1138; baseline 0.002 -15"><span class='ocrx_word' id='word_1_108' title='bbox 239 1100 256 1135; x_wconf 90' lang='lat'>3</span> <span class='ocrx_word' id='word_1_109' title='bbox 265 1099 282 1135; x_wconf 85' lang='lat'>5</span> <span class='ocrx_word' id='word_1_110' title='bbox 306 1086 510 1125; x_wconf 89' lang='lat' dir='ltr'>sordidata</span> <span class='ocrx_word' id='word_1_111' title='bbox 527 1088 740 1138; x_wconf 87' lang='lat' dir='ltr'>mancipia,</span> <span class='ocrx_word' id='word_1_112' title='bbox 761 1092 808 1126; x_wconf 91' lang='lat' dir='ltr'>ut</span> <span class='ocrx_word' id='word_1_113' title='bbox 826 1088 1052 1126; x_wconf 81' lang='lat' dir='ltr'>doleremus</span> <span class='ocrx_word' id='word_1_114' title='bbox 1070 1089 1286 1138; x_wconf 90' lang='lat' dir='ltr'>quicquam</span> <span class='ocrx_word' id='word_1_115' title='bbox 1306 1101 1391 1126; x_wconf 89' lang='lat' dir='ltr'>esse</span> <span class='ocrx_word' id='word_1_116' title='bbox 1411 1101 1460 1125; x_wconf 86' lang='lat' dir='ltr'>ex</span> <span class='ocrx_word' id='word_1_117' title='bbox 1481 1088 1561 1125; x_wconf 89' lang='lat' dir='ltr'>illis</span> 
     </span>
     <span class='ocr_line' id='line_1_16' title="bbox 315 1150 1559 1202; baseline 0.001 -15"><span class='ocrx_word' id='word_1_118' title='bbox 315 1150 461 1201; x_wconf 83' lang='lat' dir='ltr'>reliqui</span> <span class='ocrx_word' id='word_1_119' title='bbox 481 1151 590 1201; x_wconf 91' lang='lat' dir='ltr'>quod</span> <span class='ocrx_word' id='word_1_120' title='bbox 614 1151 749 1189; x_wconf 87' lang='lat' dir='ltr'>videre</span> <span class='ocrx_word' id='word_1_121' title='bbox 772 1165 991 1202; x_wconf 87' lang='lat' dir='ltr'>possemus.</span> <span class='ocrx_word' id='word_1_122' title='bbox 1050 1153 1112 1190; x_wconf 85' lang='lat'>74.</span> <span class='ocrx_word' id='word_1_123' title='bbox 1142 1153 1262 1190; x_wconf 90' lang='lat' dir='ltr'>Hanc</span> <span class='ocrx_word' id='word_1_124' title='bbox 1281 1156 1414 1190; x_wconf 89' lang='lat' dir='ltr'>tamen</span> <span class='ocrx_word' id='word_1_125' title='bbox 1436 1152 1559 1190; x_wconf 88' lang='lat' dir='ltr'>aucti-</span> 
     </span>
     <span class='ocr_line' id='line_1_17' title="bbox 307 1214 1559 1266; baseline 0 -15"><span class='ocrx_word' id='word_1_126' title='bbox 307 1227 425 1252; x_wconf 87' lang='lat' dir='ltr'>onem</span> <span class='ocrx_word' id='word_1_127' title='bbox 464 1214 631 1252; x_wconf 86' lang='lat' dir='ltr'>heredes</span> <span class='ocrx_word' id='word_1_128' title='bbox 668 1215 713 1252; x_wconf 89' lang='lat' dir='ltr'>L.</span> <span class='ocrx_word' id='word_1_129' title='bbox 752 1215 900 1253; x_wconf 82' lang='lat' dir='ltr'>Rubrii</span> <span class='ocrx_word' id='word_1_130' title='bbox 938 1215 1094 1253; x_wconf 89' lang='lat' dir='ltr'>decreto</span> <span class='ocrx_word' id='word_1_131' title='bbox 1132 1215 1314 1253; x_wconf 81' lang='lat' dir='ltr'>Caesaris</span> <span class='ocrx_word' id='word_1_132' title='bbox 1342 1215 1559 1266; x_wconf 88' lang='lat' dir='ltr'>prohibue—</span> 
     </span>
     <span class='ocr_line' id='line_1_18' title="bbox 305 1278 1558 1329; baseline 0 -14"><span class='ocrx_word' id='word_1_133' title='bbox 305 1282 412 1316; x_wconf 84' lang='lat' dir='ltr'>runt.</span> <span class='ocrx_word' id='word_1_134' title='bbox 468 1278 680 1316; x_wconf 74' lang='lat' dir='ltr'>Haerebat</span> <span class='ocrx_word' id='word_1_135' title='bbox 703 1279 877 1327; x_wconf 83' lang='lat' dir='ltr'>nebu103</span> <span class='ocrx_word' id='word_1_136' title='bbox 906 1292 986 1329; x_wconf 87' lang='lat' dir='ltr'>quo</span> <span class='ocrx_word' id='word_1_137' title='bbox 1007 1292 1047 1317; x_wconf 91' lang='lat' dir='ltr'>se</span> <span class='ocrx_word' id='word_1_138' title='bbox 1070 1283 1242 1317; x_wconf 88' lang='lat' dir='ltr'>verteret</span> <span class='ocrx_word' id='word_1_139' title='bbox 1263 1292 1345 1317; x_wconf 93' lang='lat' dir='ltr'>non</span> <span class='ocrx_word' id='word_1_140' title='bbox 1366 1278 1558 1316; x_wconf 86' lang='lat' dir='ltr'>habebat.</span> 
     </span>
    </p>

    <p class='ocr_par' dir='ltr' id='par_1_6' title="bbox 246 1330 1560 1393">
     <span class='ocr_line' id='line_1_19' title="bbox 246 1330 1560 1393; baseline 0 -15"><span class='ocrx_word' id='word_1_141' title='bbox 246 1330 247 1333; x_wconf 11' lang='grc' dir='ltr'><strong>Ἰ</strong></span> <span class='ocrx_word' id='word_1_142' title='bbox 306 1340 414 1382; x_wconf 78' lang='lat' dir='ltr'>Quin</span> <span class='ocrx_word' id='word_1_143' title='bbox 440 1341 491 1379; x_wconf 89' lang='lat' dir='ltr'>iis</span> <span class='ocrx_word' id='word_1_144' title='bbox 522 1341 620 1392; x_wconf 89' lang='lat' dir='ltr'>ipsis</span> <span class='ocrx_word' id='word_1_145' title='bbox 643 1343 892 1393; x_wconf 88' lang='lat' dir='ltr'>temporibus</span> <span class='ocrx_word' id='word_1_146' title='bbox 918 1343 1025 1380; x_wconf 88' lang='lat' dir='ltr'>domi</span> <span class='ocrx_word' id='word_1_147' title='bbox 1056 1343 1239 1381; x_wconf 83' lang='lat' dir='ltr'>Caesaris</span> <span class='ocrx_word' id='word_1_148' title='bbox 1271 1355 1479 1393; x_wconf 86' lang='lat' dir='ltr'>percussor</span> <span class='ocrx_word' id='word_1_149' title='bbox 1508 1341 1560 1378; x_wconf 92' lang='lat' dir='ltr'>ab</span> 
     </span>
    </p>

    <p class='ocr_par' dir='ltr' id='par_1_7' title="bbox 236 1405 1560 1710">
     <span class='ocr_line' id='line_1_20' title="bbox 236 1405 1559 1456; baseline -0.001 -14"><span class='ocrx_word' id='word_1_150' title='bbox 236 1420 284 1453; x_wconf 90' lang='lat'>40</span> <span class='ocrx_word' id='word_1_151' title='bbox 305 1405 381 1442; x_wconf 92' lang='lat' dir='ltr'>isto</span> <span class='ocrx_word' id='word_1_152' title='bbox 413 1405 560 1443; x_wconf 90' lang='lat' dir='ltr'>missus</span> <span class='ocrx_word' id='word_1_153' title='bbox 592 1405 865 1456; x_wconf 87' lang='lat' dir='ltr'>deprehensus</span> <span class='ocrx_word' id='word_1_154' title='bbox 898 1406 1107 1444; x_wconf 82' lang='lat' dir='ltr'>dicebatur</span> <span class='ocrx_word' id='word_1_155' title='bbox 1140 1419 1225 1444; x_wconf 90' lang='lat' dir='ltr'>esse</span> <span class='ocrx_word' id='word_1_156' title='bbox 1255 1419 1345 1443; x_wconf 87' lang='lat' dir='ltr'>cum</span> <span class='ocrx_word' id='word_1_157' title='bbox 1375 1406 1477 1443; x_wconf 85' lang='lat' dir='ltr'>sica:</span> <span class='ocrx_word' id='word_1_158' title='bbox 1509 1405 1559 1441; x_wconf 92' lang='lat' dir='ltr'>de</span> 
     </span>
     <span class='ocr_line' id='line_1_21' title="bbox 304 1468 1556 1520; baseline -0.001 -14"><span class='ocrx_word' id='word_1_159' title='bbox 304 1482 384 1519; x_wconf 92' lang='lat' dir='ltr'>quo</span> <span class='ocrx_word' id='word_1_160' title='bbox 405 1468 552 1506; x_wconf 84' lang='lat' dir='ltr'>Caesar</span> <span class='ocrx_word' id='word_1_161' title='bbox 569 1469 612 1506; x_wconf 90' lang='grc'>111</span> <span class='ocrx_word' id='word_1_162' title='bbox 631 1473 774 1507; x_wconf 89' lang='lat' dir='ltr'>senatu</span> <span class='ocrx_word' id='word_1_163' title='bbox 797 1473 934 1520; x_wconf 90' lang='lat' dir='ltr'>aperte</span> <span class='ocrx_word' id='word_1_164' title='bbox 959 1470 1002 1507; x_wconf 93' lang='lat' dir='ltr'>in</span> <span class='ocrx_word' id='word_1_165' title='bbox 1026 1474 1066 1508; x_wconf 89' lang='lat' dir='ltr'>te</span> <span class='ocrx_word' id='word_1_166' title='bbox 1088 1469 1282 1508; x_wconf 84' lang='lat' dir='ltr'>invehens</span> <span class='ocrx_word' id='word_1_167' title='bbox 1301 1474 1468 1519; x_wconf 86' lang='lat' dir='ltr'>questus</span> <span class='ocrx_word' id='word_1_168' title='bbox 1487 1471 1556 1505; x_wconf 89' lang='lat' dir='ltr'>est.</span> 
     </span>
     <span class='ocr_line' id='line_1_22' title="bbox 304 1531 1558 1583; baseline -0.002 -13"><span class='ocrx_word' id='word_1_169' title='bbox 304 1532 576 1570; x_wconf 86' lang='lat' dir='ltr'>Proficiscitur</span> <span class='ocrx_word' id='word_1_170' title='bbox 603 1532 647 1569; x_wconf 92' lang='lat' dir='ltr'>in</span> <span class='ocrx_word' id='word_1_171' title='bbox 677 1533 921 1583; x_wconf 86' lang='lat' dir='ltr'>Hispaniam</span> <span class='ocrx_word' id='word_1_172' title='bbox 950 1532 1098 1571; x_wconf 82' lang='lat' dir='ltr'>Caesar</span> <span class='ocrx_word' id='word_1_173' title='bbox 1126 1532 1264 1583; x_wconf 83' lang='lat' dir='ltr'>paucis</span> <span class='ocrx_word' id='word_1_174' title='bbox 1293 1532 1370 1570; x_wconf 90' lang='lat' dir='ltr'>tibi</span> <span class='ocrx_word' id='word_1_175' title='bbox 1402 1532 1453 1569; x_wconf 87' lang='lat' dir='ltr'>ad</span> <span class='ocrx_word' id='word_1_176' title='bbox 1483 1531 1558 1568; x_wconf 90' lang='lat' dir='ltr'>sol-</span> 
     </span>
     <span class='ocr_line' id='line_1_23' title="bbox 303 1584 1560 1647; baseline -0.002 -13"><span class='ocrx_word' id='word_1_177' title='bbox 303 1596 479 1634; x_wconf 89' lang='lat' dir='ltr'>vendum</span> <span class='ocrx_word' id='word_1_178' title='bbox 499 1600 663 1646; x_wconf 90' lang='lat' dir='ltr'>propter</span> <span class='ocrx_word' id='word_1_179' title='bbox 687 1584 864 1647; x_wconf 72' lang='lat' dir='ltr'>inopiam</span> <span class='ocrx_word' id='word_1_180' title='bbox 893 1602 1005 1634; x_wconf 89' lang='lat' dir='ltr'>tuam</span> <span class='ocrx_word' id='word_1_181' title='bbox 1032 1597 1260 1647; x_wconf 80' lang='lat' dir='ltr'>prorogatis</span> <span class='ocrx_word' id='word_1_182' title='bbox 1285 1595 1439 1633; x_wconf 89' lang='lat' dir='ltr'>diebus.</span> <span class='ocrx_word' id='word_1_183' title='bbox 1496 1594 1560 1632; x_wconf 88' lang='lat' dir='ltr'>Ne</span> 
     </span>
     <span class='ocr_line' id='line_1_24' title="bbox 304 1658 1560 1710; baseline -0.001 -14"><span class='ocrx_word' id='word_1_184' title='bbox 304 1663 391 1697; x_wconf 89' lang='lat' dir='ltr'>tum</span> <span class='ocrx_word' id='word_1_185' title='bbox 428 1660 592 1709; x_wconf 86' lang='lat' dir='ltr'>quidem</span> <span class='ocrx_word' id='word_1_186' title='bbox 630 1661 821 1709; x_wconf 88' lang='lat' dir='ltr'>sequeris.</span> <span class='ocrx_word' id='word_1_187' title='bbox 880 1661 978 1697; x_wconf 86' lang='lat' dir='ltr'>Tam</span> <span class='ocrx_word' id='word_1_188' title='bbox 1014 1660 1145 1698; x_wconf 91' lang='lat' dir='ltr'>bonus</span> <span class='ocrx_word' id='word_1_189' title='bbox 1182 1659 1383 1710; x_wconf 84' lang='lat' dir='ltr'>gladiator</span> <span class='ocrx_word' id='word_1_190' title='bbox 1417 1658 1560 1695; x_wconf 87' lang='lat' dir='ltr'>rudem</span> 
     </span>
    </p>

    <p class='ocr_par' dir='ltr' id='par_1_8' title="bbox 236 1721 1558 1838">
     <span class='ocr_line' id='line_1_25' title="bbox 236 1721 1556 1773; baseline -0.002 -13"><span class='ocrx_word' id='word_1_191' title='bbox 236 1736 284 1772; x_wconf 84' lang='lat'>45</span> <span class='ocrx_word' id='word_1_192' title='bbox 307 1728 391 1761; x_wconf 89' lang='lat' dir='ltr'>tam</span> <span class='ocrx_word' id='word_1_193' title='bbox 410 1724 487 1761; x_wconf 91' lang='lat' dir='ltr'>cito</span> <span class='ocrx_word' id='word_1_194' title='bbox 503 1724 520 1761; x_wconf 77' lang='lat' dir='ltr'>P</span> <span class='ocrx_word' id='word_1_195' title='bbox 575 1724 698 1761; x_wconf 92' lang='lat' dir='ltr'>Hunc</span> <span class='ocrx_word' id='word_1_196' title='bbox 717 1723 843 1773; x_wconf 87' lang='lat' dir='ltr'>igitur</span> <span class='ocrx_word' id='word_1_197' title='bbox 862 1724 1089 1773; x_wconf 89' lang='lat' dir='ltr'>quisquam,</span> <span class='ocrx_word' id='word_1_198' title='bbox 1111 1724 1183 1773; x_wconf 88' lang='lat' dir='ltr'>qui</span> <span class='ocrx_word' id='word_1_199' title='bbox 1201 1724 1244 1760; x_wconf 89' lang='lat' dir='ltr'>in</span> <span class='ocrx_word' id='word_1_200' title='bbox 1263 1723 1345 1761; x_wconf 91' lang='lat' dir='ltr'>suis</span> <span class='ocrx_word' id='word_1_201' title='bbox 1359 1721 1556 1773; x_wconf 89' lang='lat' dir='ltr'>partibus,</span> 
     </span>
     <span class='ocr_line' id='line_1_26' title="bbox 304 1786 1558 1838; baseline -0.002 -14"><span class='ocrx_word' id='word_1_202' title='bbox 304 1787 346 1824; x_wconf 88' lang='lat' dir='ltr'>id</span> <span class='ocrx_word' id='word_1_203' title='bbox 366 1791 425 1825; x_wconf 88' lang='lat' dir='ltr'>est</span> <span class='ocrx_word' id='word_1_204' title='bbox 444 1787 486 1824; x_wconf 88' lang='lat' dir='ltr'>in</span> <span class='ocrx_word' id='word_1_205' title='bbox 506 1788 590 1825; x_wconf 87' lang='lat' dir='ltr'>suis</span> <span class='ocrx_word' id='word_1_206' title='bbox 607 1788 793 1836; x_wconf 80' lang='lat' dir='ltr'>fortunis,</span> <span class='ocrx_word' id='word_1_207' title='bbox 817 1792 900 1826; x_wconf 85' lang='lat' dir='ltr'>tam</span> <span class='ocrx_word' id='word_1_208' title='bbox 926 1787 1091 1826; x_wconf 79' lang='lat' dir='ltr'>timidus</span> <span class='ocrx_word' id='word_1_209' title='bbox 1118 1787 1253 1835; x_wconf 78' lang='lat' dir='ltr'>fuerit,</span> <span class='ocrx_word' id='word_1_210' title='bbox 1275 1786 1558 1838; x_wconf 81' lang='lat' dir='ltr'>pertimescat?</span> 
     </span>
    </p>

    <p class='ocr_par' dir='ltr' id='par_1_9' title="bbox 235 1850 1558 2092">
     <span class='ocr_line' id='line_1_27' title="bbox 235 1850 1558 1902; baseline -0.002 -14"><span class='ocrx_word' id='word_1_211' title='bbox 235 1850 286 1889; x_wconf 90' lang='grc'>30</span> <span class='ocrx_word' id='word_1_212' title='bbox 304 1851 446 1889; x_wconf 88' lang='grc' dir='ltr'>ΧΧΧ.</span> <span class='ocrx_word' id='word_1_213' title='bbox 495 1852 555 1890; x_wconf 88' lang='grc'>75.</span> <span class='ocrx_word' id='word_1_214' title='bbox 595 1851 807 1890; x_wconf 84' lang='lat' dir='ltr'>Profectus</span> <span class='ocrx_word' id='word_1_215' title='bbox 845 1856 904 1890; x_wconf 92' lang='lat' dir='ltr'>est</span> <span class='ocrx_word' id='word_1_216' title='bbox 934 1852 1151 1902; x_wconf 87' lang='lat' dir='ltr'>aliquando</span> <span class='ocrx_word' id='word_1_217' title='bbox 1187 1851 1351 1889; x_wconf 84' lang='lat' dir='ltr'>tandem</span> <span class='ocrx_word' id='word_1_218' title='bbox 1387 1850 1430 1887; x_wconf 92' lang='lat' dir='ltr'>in</span> <span class='ocrx_word' id='word_1_219' title='bbox 1462 1850 1558 1886; x_wconf 87' lang='lat' dir='ltr'>His-</span> 
     </span>
     <span class='ocr_line' id='line_1_28' title="bbox 303 1913 1558 1966; baseline -0.002 -14"><span class='ocrx_word' id='word_1_220' title='bbox 303 1915 491 1966; x_wconf 82' lang='lat' dir='ltr'>paniam3</span> <span class='ocrx_word' id='word_1_221' title='bbox 523 1915 592 1953; x_wconf 91' lang='lat' dir='ltr'>sed</span> <span class='ocrx_word' id='word_1_222' title='bbox 619 1919 718 1964; x_wconf 88' lang='lat' dir='ltr'>tuto,</span> <span class='ocrx_word' id='word_1_223' title='bbox 750 1919 797 1953; x_wconf 93' lang='lat' dir='ltr'>ut</span> <span class='ocrx_word' id='word_1_224' title='bbox 825 1916 891 1963; x_wconf 78' lang='lat' dir='ltr'>ait,</span> <span class='ocrx_word' id='word_1_225' title='bbox 914 1915 1124 1966; x_wconf 88' lang='lat' dir='ltr'>pervenire</span> <span class='ocrx_word' id='word_1_226' title='bbox 1148 1928 1229 1953; x_wconf 93' lang='lat' dir='ltr'>non</span> <span class='ocrx_word' id='word_1_227' title='bbox 1258 1914 1402 1965; x_wconf 88' lang='lat' dir='ltr'>potuit.</span> <span class='ocrx_word' id='word_1_228' title='bbox 1452 1913 1558 1954; x_wconf 77' lang='lat' dir='ltr'>Quo-</span> 
     </span>
     <span class='ocr_line' id='line_1_29' title="bbox 304 1978 1557 2030; baseline -0.002 -14"><span class='ocrx_word' id='word_1_229' title='bbox 304 1992 398 2017; x_wconf 89' lang='lat' dir='ltr'>nam</span> <span class='ocrx_word' id='word_1_230' title='bbox 426 1979 544 2017; x_wconf 91' lang='lat' dir='ltr'>modo</span> <span class='ocrx_word' id='word_1_231' title='bbox 577 1979 703 2029; x_wconf 86' lang='lat' dir='ltr'>igitur</span> <span class='ocrx_word' id='word_1_232' title='bbox 733 1979 948 2017; x_wconf 82' lang='lat' dir='ltr'>Dolabella</span> <span class='ocrx_word' id='word_1_233' title='bbox 977 1979 1188 2030; x_wconf 79' lang='lat' dir='ltr'>pervenit?</span> <span class='ocrx_word' id='word_1_234' title='bbox 1242 1978 1326 2016; x_wconf 87' lang='lat' dir='ltr'>Aut</span> <span class='ocrx_word' id='word_1_235' title='bbox 1363 1990 1443 2015; x_wconf 91' lang='lat' dir='ltr'>non</span> <span class='ocrx_word' id='word_1_236' title='bbox 1474 1989 1557 2014; x_wconf 90' lang='lat' dir='ltr'>sus-</span> 
     </span>
     <span class='ocr_line' id='line_1_30' title="bbox 300 2040 1554 2092; baseline -0.003 -12"><span class='ocrx_word' id='word_1_237' title='bbox 300 2042 483 2092; x_wconf 89' lang='lat' dir='ltr'>cipienda</span> <span class='ocrx_word' id='word_1_238' title='bbox 507 2043 587 2080; x_wconf 77' lang='lat' dir='ltr'>fuit</span> <span class='ocrx_word' id='word_1_239' title='bbox 610 2043 689 2080; x_wconf 89' lang='lat' dir='ltr'>ista</span> <span class='ocrx_word' id='word_1_240' title='bbox 715 2056 846 2091; x_wconf 85' lang='lat' dir='ltr'>causa,</span> <span class='ocrx_word' id='word_1_241' title='bbox 880 2043 1045 2091; x_wconf 89' lang='lat' dir='ltr'>Antoni,</span> <span class='ocrx_word' id='word_1_242' title='bbox 1073 2047 1155 2090; x_wconf 89' lang='lat' dir='ltr'>aut,</span> <span class='ocrx_word' id='word_1_243' title='bbox 1187 2055 1276 2079; x_wconf 87' lang='lat' dir='ltr'>cum</span> <span class='ocrx_word' id='word_1_244' title='bbox 1304 2040 1554 2091; x_wconf 82' lang='lat' dir='ltr'>suscepisses,</span> 
     </span>
    </p>

    <p class='ocr_par' dir='ltr' id='par_1_10' title="bbox 261 2103 1559 2412">
     <span class='ocr_line' id='line_1_31' title="bbox 261 2103 1559 2156; baseline -0.001 -14"><span class='ocrx_word' id='word_1_245' title='bbox 261 2117 281 2154; x_wconf 82' lang='lat'><strong>5</strong></span> <span class='ocrx_word' id='word_1_246' title='bbox 303 2106 555 2143; x_wconf 80' lang='lat' dir='ltr'>defendenda</span> <span class='ocrx_word' id='word_1_247' title='bbox 600 2119 730 2156; x_wconf 88' lang='lat' dir='ltr'>usque</span> <span class='ocrx_word' id='word_1_248' title='bbox 775 2106 828 2145; x_wconf 92' lang='lat' dir='ltr'>ad</span> <span class='ocrx_word' id='word_1_249' title='bbox 874 2112 1109 2144; x_wconf 77' lang='lat' dir='ltr'>extremum.</span> <span class='ocrx_word' id='word_1_250' title='bbox 1184 2106 1261 2143; x_wconf 86' lang='lat' dir='ltr'>Ter</span> <span class='ocrx_word' id='word_1_251' title='bbox 1306 2103 1559 2154; x_wconf 80' lang='lat' dir='ltr'>depugnavit</span> 
     </span>
     <span class='ocr_line' id='line_1_32' title="bbox 304 2167 1553 2219; baseline -0.003 -12"><span class='ocrx_word' id='word_1_252' title='bbox 304 2168 451 2207; x_wconf 87' lang='lat' dir='ltr'>Caesar</span> <span class='ocrx_word' id='word_1_253' title='bbox 483 2182 573 2207; x_wconf 92' lang='lat' dir='ltr'>cum</span> <span class='ocrx_word' id='word_1_254' title='bbox 605 2170 770 2219; x_wconf 90' lang='lat' dir='ltr'>civibus,</span> <span class='ocrx_word' id='word_1_255' title='bbox 810 2170 853 2207; x_wconf 89' lang='lat' dir='ltr'>in</span> <span class='ocrx_word' id='word_1_256' title='bbox 882 2170 1102 2218; x_wconf 83' lang='lat' dir='ltr'>Thessalia,</span> <span class='ocrx_word' id='word_1_257' title='bbox 1137 2168 1287 2216; x_wconf 79' lang='lat' dir='ltr'>Africa,</span> <span class='ocrx_word' id='word_1_258' title='bbox 1324 2167 1553 2217; x_wconf 87' lang='lat' dir='ltr'>Hispania:</span> 
     </span>
     <span class='ocr_line' id='line_1_33' title="bbox 303 2230 1558 2284; baseline -0.004 -13"><span class='ocrx_word' id='word_1_259' title='bbox 303 2233 491 2271; x_wconf 89' lang='lat' dir='ltr'>omnibus</span> <span class='ocrx_word' id='word_1_260' title='bbox 521 2232 653 2271; x_wconf 83' lang='lat' dir='ltr'>adfuit</span> <span class='ocrx_word' id='word_1_261' title='bbox 682 2233 745 2271; x_wconf 85' lang='lat' dir='ltr'>his</span> <span class='ocrx_word' id='word_1_262' title='bbox 770 2234 921 2284; x_wconf 87' lang='lat' dir='ltr'>pugnis</span> <span class='ocrx_word' id='word_1_263' title='bbox 950 2233 1188 2281; x_wconf 84' lang='lat' dir='ltr'>Dolabella3</span> <span class='ocrx_word' id='word_1_264' title='bbox 1222 2233 1265 2270; x_wconf 90' lang='lat' dir='ltr'>in</span> <span class='ocrx_word' id='word_1_265' title='bbox 1294 2230 1558 2281; x_wconf 87' lang='lat' dir='ltr'>Hispaniensi</span> 
     </span>
     <span class='ocr_line' id='line_1_34' title="bbox 305 2293 1555 2347; baseline -0.002 -14"><span class='ocrx_word' id='word_1_266' title='bbox 305 2296 425 2334; x_wconf 87' lang='lat' dir='ltr'>etiam</span> <span class='ocrx_word' id='word_1_267' title='bbox 439 2295 585 2334; x_wconf 86' lang='lat' dir='ltr'>volnus</span> <span class='ocrx_word' id='word_1_268' title='bbox 601 2297 760 2347; x_wconf 85' lang='lat' dir='ltr'>aceepit.</span> <span class='ocrx_word' id='word_1_269' title='bbox 801 2297 845 2335; x_wconf 82' lang='lat' dir='ltr'>Si</span> <span class='ocrx_word' id='word_1_270' title='bbox 863 2297 913 2334; x_wconf 94' lang='lat' dir='ltr'>de</span> <span class='ocrx_word' id='word_1_271' title='bbox 931 2310 1019 2335; x_wconf 92' lang='lat' dir='ltr'>meo</span> <span class='ocrx_word' id='word_1_272' title='bbox 1038 2297 1185 2334; x_wconf 89' lang='lat' dir='ltr'>iudicio</span> <span class='ocrx_word' id='word_1_273' title='bbox 1200 2296 1372 2346; x_wconf 86' lang='lat' dir='ltr'>quaeris,</span> <span class='ocrx_word' id='word_1_274' title='bbox 1391 2293 1555 2341; x_wconf 85' lang='lat' dir='ltr'>nollem;</span> 
     </span>
     <span class='ocr_line' id='line_1_35' title="bbox 304 2356 1556 2412; baseline -0.003 -15"><span class='ocrx_word' id='word_1_275' title='bbox 304 2360 374 2398; x_wconf 89' lang='lat' dir='ltr'>sed</span> <span class='ocrx_word' id='word_1_276' title='bbox 393 2365 526 2398; x_wconf 78' lang='lat' dir='ltr'>tamen</span> <span class='ocrx_word' id='word_1_277' title='bbox 541 2361 748 2398; x_wconf 83' lang='lat' dir='ltr'>consilium</span> <span class='ocrx_word' id='word_1_278' title='bbox 765 2375 788 2398; x_wconf 91' lang='lat' dir='ltr'>a</span> <span class='ocrx_word' id='word_1_279' title='bbox 805 2361 934 2401; x_wconf 72' lang='grc'>111-11110</span> <span class='ocrx_word' id='word_1_280' title='bbox 951 2360 1334 2412; x_wconf 85' lang='lat' dir='ltr'>reprehendendum,</span> <span class='ocrx_word' id='word_1_281' title='bbox 1352 2356 1556 2396; x_wconf 84' lang='lat' dir='ltr'>laudanda</span> 
     </span>
    </p>
   </div>
  </div>
 </body>
</html>
