1736 2615
213 157 261 191 54
797 163 946 190 menno.

212 254 262 293 39
282 259 447 292 senatu:
493 267 597 304 quae
634 254 798 304 quidem
835 254 981 291 Caesar
1019 254 1176 303 egisset,
1217 267 1297 291 non
1334 267 1391 301 ea,
1429 268 1532 303 quae

281 318 410 368 egisse
442 318 653 356 Caesarem
681 317 848 354 dixisset
877 316 1090 354 Antonius.
1146 317 1266 355 Unde
1299 317 1375 354 ista
1404 330 1531 355 erum-

239 395 256 430 5
281 382 410 432 punt?
471 380 558 422 Quo
589 385 750 418 auctore
780 380 1069 430 proferuntur?
1130 380 1172 418 Si
1202 384 1295 418 sunt
1323 380 1438 428 falsa,
1463 395 1533 418 cur

283 445 533 495 probantur?
588 444 629 482 Si
656 457 762 491 vera,
793 457 863 482 cur
889 445 1095 482 veneunt?
1148 444 1204 482 At
1232 445 1285 482 sic
1313 445 1527 495 placuerat,

280 513 325 546 ut
354 521 403 546 ex
435 508 633 546 Kalendis
663 508 794 545 Iuniis
823 508 871 545 de
905 507 1087 546 Caesaris
1117 508 1215 546 actis
1248 521 1337 546 cum
1369 509 1531 546 consilio

279 572 579 622 cognosceretis.
643 571 760 612 Quod
788 571 868 609 fuit
895 571 1134 610 consilium?
1196 571 1325 613 Quem
1353 585 1533 622 unquam

279 635 532 673 convocasti?
594 635 704 676 Quas
732 635 942 673 Kalendas
970 635 1110 672 Iunias
1140 635 1407 685 exspectasti?
1467 635 1533 673 An

212 713 251 736 10
279 712 357 747 eas,
382 699 433 736 ad
459 712 561 749 quas
589 703 628 736 te
656 699 882 749 peragratis
910 702 1190 736 veteranorum
1219 699 1382 736 coloniis
1411 699 1531 749 stipa—

280 766 365 800 tum
385 762 507 800 armis
530 762 750 800 rettulisti?

332 826 363 864 O
409 826 656 877 praeclaram
702 827 813 864 illam
859 827 1198 876 percursationem
1243 830 1355 864 tuam
1398 839 1533 865 mense

279 889 410 940 Aprili
438 893 560 939 atque
589 889 708 937 Maio,
734 894 830 937 tum,
862 903 951 927 cum
981 890 1101 927 etiam
1130 889 1310 940 Capuam
1337 890 1533 927 coloniam

279 953 474 990 deducere
502 957 668 990 conatus
697 952 759 990 es!
823 952 952 994 Quem
981 953 1031 990 ad
1059 953 1221 989 modum
1249 952 1358 990 illinc
1387 953 1534 991 abici-is

211 1030 248 1065 15
276 1016 339 1055 vel
358 1017 491 1067 potius
511 1029 638 1066 paene
657 1029 737 1053 non
765 1016 912 1055 abieris
934 1017 1091 1054 scimus.
1154 1019 1236 1054 101.
1268 1015 1343 1054 Cui
1371 1020 1416 1053 tu
1441 1017 1533 1054 urbi

278 1079 488 1117 minitaris.
546 1079 714 1117 Utinam
733 1092 885 1128 conere,
903 1084 949 1117 ut
969 1079 1186 1129 aliquando
1207 1079 1308 1116 illud
1330 1081 1494 1130 “paene
1507 1080 1531 1098 ”

278 1143 464 1181 tollatur!
519 1143 575 1180 At
606 1156 729 1192 quam
761 1143 908 1181 nobilis
941 1147 1000 1181 est
1032 1147 1102 1181 tua
1135 1143 1205 1180 illa
1238 1143 1532 1193 peregrinatio!

280 1206 386 1247 Quid
406 1206 666 1257 prandiorum
687 1211 917 1257 apparatus,
941 1207 1039 1256 quid
1058 1207 1254 1244 furiosam
1269 1207 1533 1244 vinulentiam

280 1274 390 1308 tuam
409 1270 641 1320 proferam?
693 1271 779 1308 Tua
799 1272 874 1308 ista
895 1270 1136 1308 detrimenta
1158 1274 1260 1317 sunt,
1281 1270 1351 1307 illa
1370 1274 1529 1308 nostra:

213 1348 260 1371 zo
281 1348 424 1384 agrum
462 1334 722 1384 Campanum,
764 1334 835 1384 qui
873 1348 963 1372 cum
1000 1334 1048 1371 de
1088 1334 1354 1383 vectigalibus
1391 1334 1534 1371 exime-

278 1397 399 1435 batur
427 1401 472 1434 ut
499 1397 695 1435 militibus
723 1397 896 1445 daretur,
933 1401 1068 1435 tamen
1096 1397 1226 1447 infligi
1254 1410 1449 1447 magnum
1476 1397 1534 1434 rei

278 1461 462 1511 publicae
493 1460 638 1499 volnus
670 1461 926 1511 putabamus,
964 1461 1071 1498 hunc
1102 1465 1148 1499 tu
1185 1461 1534 1511 compransoribus

278 1525 358 1562 tuis
389 1528 428 1562 et
462 1524 727 1562 collusoribus
758 1525 989 1563 dividebas:
1022 1525 1164 1563 mimos
1191 1525 1277 1562 dico
1309 1528 1348 1562 et
1376 1525 1530 1571 mimas,

278 1592 413 1638 patres
445 1589 667 1639 conscripti,
703 1589 744 1625 in
773 1602 870 1639 agro
902 1589 1107 1639 Campano
1136 1589 1369 1627 conlocatos.
1428 1587 1535 1628 Quid

212 1664 254 1699 25
278 1652 359 1689 iam
405 1665 552 1701 querar
597 1653 645 1689 de
692 1665 789 1702 agro
827 1653 1053 1690 Leontino?
1129 1652 1327 1693 Quoniam
1368 1652 1532 1701 quidem

276 1715 353 1752 hae
400 1715 603 1764 quondam
656 1717 857 1754 arationes
910 1716 1115 1766 Campana
1163 1720 1200 1754 et
1248 1716 1445 1753 Leontina
1489 1715 1532 1752 in

277 1779 416 1828 populi
453 1779 626 1816 Romani
664 1780 904 1829 patrimonio
938 1780 1195 1830 grandiferae
1228 1783 1268 1817 et
1303 1780 1531 1816 fructuosae

276 1842 524 1880 ferebantur.
596 1843 751 1881 Medico
782 1844 859 1880 tria
890 1844 1002 1881 milia
1034 1844 1242 1894 iugerum:
1286 1842 1394 1892 quid,
1429 1843 1462 1879 si
1492 1847 1531 1880 te

277 1907 486 1944 sanasset?
551 1907 720 1944 Rhetori
751 1907 853 1946 duo:
896 1907 1005 1957 quid,
1043 1908 1076 1945 si
1107 1912 1145 1945 te
1175 1907 1368 1944 disertum
1400 1907 1530 1944 facere

211 1983 256 2017 30
277 1970 502 2019 potuisset?
571 1970 648 2008 Sed
681 1971 732 2008 ad
765 1971 840 2008 iter
871 1971 1114 2021 Italiamque
1147 1971 1368 2008 redeamus.
1436 1970 1529 2007 XL.

207 2032 364 2070 40102.
397 2033 611 2071 Deduxisti
646 2034 841 2071 coloniam
876 2035 1108 2082 Casilinum,
1146 2048 1225 2084 quo
1259 2034 1406 2072 Cacsar
1437 2037 1530 2071 ante

276 2096 518 2145 deduxerat;
562 2098 796 2135 consuluisti
831 2111 893 2135 me
930 2112 1000 2148 per
1032 2098 1187 2135 litteras
1224 2098 1272 2135 de
1310 2097 1449 2147 Capua
1485 2101 1531 2134 tu

277 2159 450 2208 quidem,
493 2160 563 2197 sed
608 2161 713 2197 idem
759 2162 807 2198 de
855 2162 1030 2199 Casilino
1076 2162 1392 2211 respondissem:
1441 2174 1530 2210 pos-

278 2236 400 2271 ses-nc,
435 2224 505 2260 ubi
539 2224 691 2261 colonia
724 2230 836 2272 essvt,
870 2238 914 2261 eo
947 2225 1143 2262 coloniam
1174 2238 1318 2262 novam
1347 2224 1433 2261 iure
1464 2224 1529 2260 dc-

236 2299 254 2333 5
278 2287 432 2324 ducere,
490 2287 650 2336 Negavi
678 2288 719 2324 in
741 2302 827 2325 cam
848 2289 1054 2337 coloniam,
1079 2302 1182 2339 quae
1202 2292 1305 2326 essct
1325 2289 1529 2338 auspicato

278 2349 458 2396 deducta,
501 2350 596 2387 duni
636 2355 737 2388 esset
774 2351 994 2399 incolumis,
1036 2351 1229 2389 coloniam
1266 2365 1410 2389 novam
1443 2352 1529 2388 iure
