1736 2615
696 176 899 201 Pn1L11³P1c
927 176 970 200 11.
1446 163 1492 199 57

174 271 390 318 potentem,
414 267 568 305 Sullam
586 271 726 318 postea
745 267 1027 313 dominantem,
1051 265 1168 303 modo
1188 273 1424 315 regnantem
1443 264 1495 303 42

175 331 387 369 Caesarem
404 332 651 369 videramus:
684 334 798 368 erant
822 331 990 368 fortasse
1010 329 1147 380 gladii,
1172 329 1241 367 sed
1260 329 1424 366 abscon·
1451 343 1460 365 ι
1479 343 1488 365 ι

174 394 248 432 diti
267 408 338 432 nec
365 395 423 433 ita
459 394 597 432 multi:
629 395 706 432 ista
734 407 827 432 vero
855 407 960 444 quae
988 398 1026 431 et
1055 396 1208 442 quanta
1234 391 1426 430 barbaria

174 457 256 496 est!
311 458 486 509 Agmine
522 458 718 508 quadrato
755 471 845 495 cum
882 457 1029 507 gladiis
1062 460 1308 506 sequuntur:
1339 468 1424 492 scu-

174 525 306 558 torum
324 521 483 559 lecticas
501 521 654 572 portari
672 520 866 559 videmus.
923 520 1057 570 Atque
1076 521 1140 557 his
1159 520 1322 569 quidem
1344 518 1425 555 iam

174 584 416 633 inveteratis,
440 590 575 635 patres
593 585 815 635 conscripti,
833 584 1120 622 consuetudine
1140 583 1422 621 obduruimus:
1453 596 1460 619 1
1473 595 1490 629 5

174 648 373 686 Kalendis
397 648 528 686 Iuniis
557 662 646 686 cum
673 648 715 685 in
745 652 939 696 senatum,
963 652 1008 685 ut
1036 651 1121 685 erat
1148 647 1422 694 constitutum,

174 711 310 748 venire
346 711 550 758 vellemus,
587 716 698 749 metu
734 712 937 762 perterriti
973 715 1137 761 repente
1174 710 1424 760 diffugimus.

178 777 261 811 109.
291 774 346 812 At
370 775 457 822 iste,
480 776 551 825 qui
580 780 721 813 senatu
748 788 828 813 non
857 779 1002 825 egeret,
1025 787 1156 824 neque
1184 773 1426 812 desideravit

174 850 417 887 quemquam
443 842 482 876 et
506 839 640 889 potius
665 839 840 876 discessu
873 843 1008 876 nostro
1034 838 1206 875 laetatus
1239 841 1308 885 est,
1345 841 1423 875 sta-

173 901 325 950 timque
349 902 418 939 illa
443 902 645 940 mirabilia
667 903 847 940 facinora
876 902 1028 940 effecit:
1060 902 1131 952 qui
1159 901 1426 951 chirographa
1451 916 1494 938 zo

174 963 355 1003 Caesaris
388 966 632 1004 defendisset
661 967 762 1004 lucri
792 967 854 1004 sui
883 979 1012 1014 causa,
1046 966 1079 1003 is
1106 966 1216 1015 leges
1245 965 1426 1003 Caesaris

175 1041 323 1077 easque
352 1029 589 1079 praeclaras,
616 1034 661 1067 ut
690 1043 775 1067 rem
806 1030 1010 1080 publicam
1040 1034 1248 1067 concutere
1277 1033 1422 1079 posset,

173 1092 337 1140 evertit3
383 1106 596 1130 numerum
650 1107 846 1131 annorum
900 1093 1115 1144 provinciis
1168 1092 1424 1144 prorogavit3

174 1157 370 1206 idemque,
394 1170 484 1194 cum
513 1161 691 1195 actorum
715 1158 897 1195 Caesaris
923 1157 1110 1195 defensor
1135 1170 1219 1195 esse
1248 1157 1423 1205 deberet,

174 1224 212 1257 et
231 1220 273 1257 in
291 1220 462 1270 publicis
482 1225 521 1257 et
543 1221 585 1257 in
610 1221 777 1271 privatis
803 1221 924 1258 rebus
943 1225 1032 1258 acta
1053 1220 1234 1259 Caesaris
1253 1220 1424 1258 rescidit.
1451 1235 1466 1256 z
1476 1233 1493 1268 5

174 1285 224 1321 In
242 1285 415 1335 publicis
433 1285 537 1322 nihil
562 1289 622 1323 est
648 1285 738 1336 lege
764 1286 945 1335 gravius3
979 1285 1021 1322 in
1050 1285 1218 1336 privatis
1249 1284 1426 1322 firmissi-

174 1361 285 1385 mum
305 1353 363 1385 est
385 1352 694 1386 testamentum:
725 1349 836 1399 leges
863 1349 964 1386 alias
993 1349 1078 1386 sine
1106 1348 1428 1399 promulgatione

176 1411 347 1460 sustulit,
383 1412 482 1450 alias
515 1417 561 1450 ut
596 1413 764 1459 tolleret,
804 1413 1098 1463 promulgavit;
1142 1416 1428 1450 testamentum

175 1475 333 1512 irritum
353 1475 457 1523 fecit,
481 1476 589 1525 quod
609 1477 730 1513 etiam
750 1476 897 1513 infimis
922 1477 1076 1514 civibus
1105 1489 1261 1526 semper
1290 1476 1428 1513 obten-

175 1542 262 1576 tum
289 1543 370 1576 est:
403 1539 530 1589 signa,
553 1539 726 1586 tabulas,
749 1553 851 1589 quas
876 1540 1025 1590 populo
1050 1539 1198 1578 Caesar
1226 1553 1308 1577 una
1341 1553 1430 1577 cum
1452 1553 1495 1588 30

175 1602 302 1640 hortis
320 1602 482 1652 legavit,
508 1616 575 1640 eas
593 1603 657 1640 hie
682 1604 829 1653 partim
858 1604 900 1640 in
927 1603 1065 1641 hortos
1092 1603 1260 1654 Pompei
1288 1603 1428 1653 depor-

175 1666 287 1714 tavit,
309 1667 458 1716 partim
477 1666 519 1703 in
538 1666 675 1704 villam
696 1666 904 1717 Scipionis.

229 1729 393 1767 XLIII.
427 1733 510 1768 110.
540 1730 593 1768 Et
623 1734 669 1768 tu
702 1731 743 1767 in
778 1731 960 1769 Caesaris
993 1731 1186 1769 memoria
1222 1731 1427 1782 diligens?
1446 1730 1496 1770 43

175 1793 236 1830 Tu
255 1793 369 1830 illum
390 1807 501 1831 amas
519 1795 754 1832 mortuum?
810 1794 939 1836 Quem
965 1795 1000 1832 is
1025 1795 1217 1833 honorem
1239 1796 1429 1833 maiorem

176 1861 410 1895 consecutus
430 1861 524 1904 erat,
545 1871 668 1907 quam
687 1862 732 1895 ut
751 1858 920 1896 haberet
939 1859 1137 1909 pulvinar,
1158 1859 1425 1907 simulacrum,

175 1920 398 1971 fastigium,
434 1921 669 1960 flaminem?
737 1922 810 1959 Est
841 1935 937 1972 ergo
974 1922 1132 1970 flamen,
1174 1928 1219 1960 ut
1251 1923 1350 1970 Iovi,
1385 1928 1429 1961 ut

176 1984 311 2032 Marti,
348 1989 393 2021 ut
423 1984 601 2031 Quirino,
633 1985 687 2023 sic
712 1986 804 2023 divo
832 1986 938 2023 Iulio
970 1987 1025 2023 M.
1054 1986 1266 2024 Antonius.
1323 1986 1431 2027 Quid
1451 2001 1469 2036 5

176 2048 302 2099 igitur
338 2048 496 2086 cessas?
564 2048 645 2087 Cur
681 2063 761 2087 non
798 2050 1086 2100 inauguraris?
1152 2050 1273 2087 Sume
1310 2051 1427 2099 diem,

175 2112 266 2150 Vide
289 2113 359 2161 qui
382 2116 421 2149 te
446 2112 685 2162 inauguret:
718 2113 893 2163 collegae
920 2128 1078 2161 sumus3
1108 2128 1226 2151 nemo
1249 2115 1428 2165 negabit.

177 2175 209 2213 O
238 2175 516 2213 detestabilem
545 2176 760 2224 hsnuinem,
791 2178 873 2215 sive
901 2178 1009 2227 quod
1038 2178 1221 2215 Caesaris
1250 2179 1431 2217 sacerdos

178 2252 218 2276 es
242 2239 324 2276 sive
347 2239 454 2289 quod
481 2240 649 2277 mortui!
698 2240 855 2280 Quaero
879 2241 1074 2291 deinceps,
1099 2255 1196 2278 num
1215 2242 1432 2280 hodiernus

178 2302 263 2339 dies
282 2303 353 2351 qui
373 2303 423 2340 sit
442 2303 634 2353 ignores?
672 2304 813 2341 Nescis
832 2304 919 2341 heri
934 2309 1125 2354 quartum
1145 2306 1185 2342 iu
1206 2306 1307 2343 circo
1327 2306 1433 2344 diem
1459 2320 1494 2347 ια

177 2365 362 2403 ludorum
377 2366 651 2404 Romanorum
666 2367 802 2414 fuisse,
821 2371 860 2404 te
876 2372 1010 2405 autem
1024 2368 1156 2418 ipsum
1172 2369 1223 2407 ad
1237 2370 1432 2419 populum
