1736 2615
507 603 566 646 M.
608 604 789 647 TULLI
832 605 967 647 CIOE
977 605 1155 648 RONIS

291 733 540 795 ORATIO
592 734 997 795 PHILIPPICA
1043 734 1372 797 SECUNDA.

223 960 258 1000 I.
291 964 325 1000 1.
357 961 541 1003 Quonam
559 974 647 999 meo
662 961 759 1008 fato,
779 965 912 1011 patres
932 962 1153 1012 conscripti,
1176 962 1262 1000 fieri
1282 962 1420 1012 dicam,
1447 963 1465 1002 l

171 1028 217 1063 ut
242 1037 358 1062 nemo
384 1025 448 1062 his
473 1025 590 1062 annis
614 1025 760 1074 viginti
781 1025 839 1061 rei
857 1025 1042 1075 publicae
1062 1025 1186 1063 fuerit
1208 1026 1335 1064 hostis
1355 1027 1425 1076 qui

172 1101 252 1126 non
266 1088 418 1126 bellum
434 1088 572 1125 eodem
585 1092 763 1138 tempore
777 1088 875 1125 mihi
892 1102 1052 1139 quoque
1068 1089 1287 1128 indixerit?
1341 1090 1426 1128 Nec

171 1165 266 1190 vero
293 1164 452 1189 necesse
481 1156 540 1189 est
568 1165 812 1201 quemquam
832 1165 855 1189 a
875 1165 937 1188 me
963 1152 1187 1191 nominari:
1220 1153 1426 1191 vobiscum

172 1215 250 1265 ipsi
292 1215 567 1253 recordamini.
648 1215 752 1251 Mihi
800 1228 1021 1264 poenarum
1070 1215 1129 1252 illi
1172 1216 1264 1266 plus
1304 1230 1426 1266 quam
1448 1231 1465 1266 5

172 1282 354 1329 optarem
393 1278 611 1316 dederunt:
670 1282 709 1315 te
747 1278 879 1326 miror,
917 1278 1080 1327 Antoni,
1116 1292 1287 1328 quorum
1319 1280 1427 1318 facta

172 1341 339 1390 imitere,
363 1355 500 1379 eorum
520 1342 652 1379 exitus
675 1354 755 1379 non
774 1342 1088 1392 perhorrescere.
1137 1342 1273 1392 Atque
1291 1343 1366 1381 hoc
1384 1344 1427 1381 in

173 1405 261 1443 aliis
279 1405 411 1442 minus
430 1405 629 1451 mirabar;
660 1417 776 1442 nemo
798 1404 903 1442 enim
923 1405 1083 1442 illorum
1111 1405 1296 1444 inimicus
1324 1407 1424 1444 mihi

172 1469 251 1506 fuit
268 1468 532 1513 voluntarius,
555 1481 692 1505 omnes
707 1481 731 1505 a
746 1481 809 1505 me
828 1469 885 1505 rei
904 1469 1089 1519 publicae
1104 1482 1225 1507 causa
1238 1470 1422 1509 lacessiti.

176 1533 233 1570 I'u
252 1545 302 1570 ne
317 1532 439 1570 verbo
457 1532 621 1582 quidem
635 1531 819 1579 violatus,
838 1536 884 1570 ut
898 1532 1088 1570 audacior
1103 1546 1225 1582 quam
1241 1533 1426 1583 Catilina,
1451 1549 1495 1572 10

172 1596 361 1633 furiosior
390 1609 513 1645 quam
544 1595 706 1633 Clodius
743 1595 934 1642 viderere,
968 1596 1075 1634 ultro
1112 1609 1175 1633 me
1204 1597 1427 1635 maledictis

172 1659 375 1707 lacessisti,
400 1663 592 1708 tuamque
613 1671 636 1696 a
654 1671 717 1695 me
737 1658 1023 1696 alienationem
1043 1660 1427 1698 commendationem

171 1723 247 1761 tibi
262 1722 314 1760 ad
325 1722 467 1773 impios
480 1723 583 1760 cives
598 1721 684 1759 fore
700 1722 906 1771 putavisti.
953 1726 987 1760 2.
1007 1722 1114 1763 Quid
1128 1725 1296 1773 putem?
1325 1724 1425 1762 Con-

173 1790 420 1837 temptumne
448 1785 541 1823 me?
579 1798 660 1822 non
685 1785 812 1833 video,
842 1799 913 1823 nec
939 1786 981 1823 in
1006 1786 1090 1824 vita
1119 1800 1190 1824 nec
1219 1787 1261 1824 in
1295 1789 1428 1837 gratia

171 1863 243 1888 nec
261 1850 304 1887 in
321 1849 442 1887 rebus
461 1849 586 1899 gestis
605 1862 677 1886 nec
702 1849 743 1885 iu
763 1849 838 1887 hac
861 1862 950 1887 mea
973 1850 1248 1888 mediocritate
1272 1851 1425 1901 ingenii
1453 1864 1493 1900 15

171 1913 271 1964 quid
293 1913 494 1964 despicere
514 1913 640 1963 possit
659 1912 871 1950 Antonius.
929 1913 995 1950 An
1015 1914 1057 1950 in
1077 1918 1219 1952 senatu
1237 1914 1427 1952 facillime

173 1977 222 2015 de
254 1990 318 2014 me
351 1976 509 2014 detrahi
542 1989 658 2026 posse
691 1976 891 2014 credidit?
958 1976 1037 2018 Qui
1068 1977 1164 2015 ordo
1198 1977 1428 2016 clarissimis

173 2040 327 2079 civibus
360 2039 464 2078 bene
495 2042 632 2089 gestae
662 2039 720 2076 rei
749 2039 935 2089 publicae
968 2040 1242 2078 testimonium
1276 2042 1424 2090 multis,

172 2104 272 2142 mihi
290 2103 362 2141 uni
376 2107 633 2141 conservatae
653 2102 775 2141 dedit.
832 2102 898 2140 An
914 2103 1116 2142 decertare
1132 2118 1287 2142 mecum
1301 2106 1429 2143 voluit

171 2167 425 2206 contentione
440 2166 628 2204 dicendi?
674 2166 764 2204 Hoc
779 2166 943 2216 quidem
960 2171 1018 2205 est
1037 2167 1275 2206 beneficium
1291 2184 1299 2207 :
1331 2170 1430 2219 quid
1451 2184 1497 2208 20

173 2231 279 2269 enim
311 2230 481 2282 plenius,
516 2229 615 2279 quid
646 2229 814 2267 uberius
846 2243 969 2280 quam
998 2231 1099 2269 mihi
1129 2235 1169 2269 et
1193 2245 1266 2282 pro
1296 2246 1360 2270 nie
1391 2238 1430 2272 et

173 2298 309 2332 contra
335 2293 558 2332 Antonium
586 2292 746 2330 dicere?
800 2293 912 2331 Illud
941 2294 1144 2345 profecto:
1181 2308 1263 2333 non
1293 2295 1429 2334 existi-

173 2358 298 2397 mavit
317 2358 379 2395 sui
399 2357 597 2394 similibus
617 2356 780 2408 probari
795 2370 911 2410 posse
927 2371 968 2396 se
985 2371 1069 2397 esse
1083 2358 1239 2397 hostem
1258 2360 1425 2410 patriae,

279 2422 437 2451 (1.1)11111.
457 2421 501 2450 11.
778 2414 780 2416 '
1372 2416 1394 2452 2
