1736 2615
700 193 902 219 PHILIPPIC
931 193 977 218 11.
1453 186 1500 218 23

177 293 220 318 re
238 281 401 331 publica
420 282 522 320 nihil
549 283 710 330 referas,
733 284 885 320 referas
913 282 964 320 ad
995 296 1072 330 eos,
1104 283 1175 333 qui
1205 296 1319 321 suam
1347 296 1431 320 rem
1453 297 1496 331 25

176 343 331 382 nullam
349 345 512 393 habent,
536 350 648 383 tuam
668 346 944 383 exhauriunt?
989 346 1087 385 VII.
1118 347 1229 384 Tuus
1247 346 1431 384 videlicet
1452 347 1474 386 7

177 406 364 446 salutaris
378 409 616 457 consulatus,
631 409 876 460 perniciosus
890 422 1014 447 meus.
1057 409 1221 447 Adeone
1236 410 1430 460 pudorem

176 482 267 507 cum
301 471 494 521 pudicitia
529 472 749 523 perdidisti,
786 476 832 510 ut
861 473 934 510 hoc
970 473 1012 510 in
1045 485 1090 511 eo
1120 473 1268 524 templo
1300 473 1429 511 dicere

176 546 299 572 ausus
318 534 382 583 sis,
417 535 460 573 in
498 549 578 585 quo
615 549 689 586 ego
730 540 914 574 senatum
951 536 1076 584 illum,
1117 537 1188 586 qui
1224 537 1428 586 quondam

174 595 320 636 florens
364 598 452 637 orbi
495 604 696 637 terrarum
748 600 1015 650 praesidebat,
1065 600 1331 647 consulebam,
1384 604 1431 638 tu
1452 613 1470 649 5

175 659 358 699 homines
375 662 666 712 perditissimos
686 676 775 700 cum
795 663 942 714 gladiis
961 663 1230 701 collocavisti?
1288 666 1346 701 16.
1376 663 1432 701 At

176 724 295 761 etiam
315 738 436 763 ausus
465 726 658 776 es—quid
687 731 822 764 autem
853 731 912 764 est
941 726 1048 776 quod
1076 731 1123 764 tu
1144 740 1226 765 non
1251 727 1429 764 audeas?

173 787 373 825 —clivum
432 788 705 839 Capitolinum
752 790 883 828 dicere
936 803 999 827 me
1053 790 1213 828 consule
1266 790 1430 841 plenum

175 862 379 889 servorum
416 856 661 890 armatorum
696 853 847 891 fuisse:
895 857 941 891 ut
976 853 1056 901 illa,
1098 854 1224 900 credo,
1274 854 1430 892 nefaria

174 919 336 952 senatus
371 916 552 953 consulta
587 916 738 964 fierent,
778 917 859 955 vim
890 917 1123 955 adferebam
1165 917 1335 955 senatui.
1392 917 1424 955 O
1452 932 1496 955 10

172 977 303 1024 miser,
339 978 421 1016 sive
454 979 523 1016 illa
551 980 627 1017 tibi
663 985 758 1018 nota
790 993 870 1018 non
904 980 1154 1018 sunt—nihil
1191 981 1298 1018 enim
1332 981 1429 1018 boni

172 1041 412 1080 nosti—sive
440 1047 543 1090 sunt,
567 1043 637 1093 qui
666 1043 774 1094 apud
802 1044 901 1082 tales
928 1044 1034 1081 viros
1061 1047 1144 1081 tam
1171 1044 1426 1095 impudenter

171 1103 360 1154 loquare!
398 1107 489 1155 quis
527 1107 632 1144 enirn
664 1120 785 1157 eques
812 1107 1034 1154 Romanus,
1063 1108 1155 1157 quis
1191 1112 1352 1158 praeter
1387 1112 1427 1145 te

172 1167 405 1206 adulescens
441 1170 599 1218 nobilis,
634 1170 726 1220 quis
761 1170 885 1208 ullius
921 1171 1082 1219 ordinis,
1124 1171 1196 1221 qui
1234 1184 1275 1209 se
1304 1171 1429 1209 civem

173 1243 257 1269 esse
293 1233 549 1281 meminisset,
591 1247 681 1271 cum
723 1239 885 1272 senatus
923 1235 966 1272 in
1006 1235 1082 1273 hoc
1121 1235 1271 1285 templo
1310 1239 1423 1280 esset,
1454 1249 1493 1282 ¹5

170 1294 214 1331 in
249 1295 350 1333 clivo
388 1295 613 1347 Capitolino
651 1311 732 1335 non
767 1298 857 1345 fuit,
894 1299 986 1348 quis
1015 1311 1161 1336 nomen
1186 1311 1268 1335 non
1294 1298 1428 1336 dedit?

172 1357 429 1409 Quamquam
458 1373 531 1398 nec
567 1360 720 1399 scribae
757 1362 935 1399 sufficere
966 1375 1039 1400 nec
1067 1361 1232 1400 tabulae
1265 1362 1428 1399 nomina

170 1422 331 1461 illorum
364 1437 504 1474 capere
540 1428 771 1475 potuerunt.
832 1426 890 1463 17.
921 1426 1082 1463 Etenim
1119 1439 1209 1463 cum
1244 1425 1427 1463 homines

171 1488 316 1525 nefarii
348 1487 398 1525 de
425 1488 580 1538 patriae
608 1488 821 1539 parricidio
853 1489 1146 1538 confiterentur,
1183 1489 1429 1527 consciorum

171 1550 337 1598 indiciis,
374 1564 447 1589 sua
482 1564 616 1599 manu,
657 1565 751 1590 voce
787 1565 915 1603 paene
951 1553 1176 1590 litterarum
1209 1553 1344 1600 coacti,
1385 1565 1426 1590 se
1451 1567 1495 1590 20

169 1613 312 1652 urbem
354 1613 613 1663 inflammare,
655 1616 760 1654 cives
799 1616 1010 1664 trucidare,
1050 1621 1209 1654 vastare
1246 1616 1420 1663 Italiam,

169 1677 301 1715 delere
345 1691 430 1715 rem
474 1678 678 1729 publicam
714 1680 970 1728 consensisse,
1011 1681 1102 1730 quis
1140 1684 1243 1718 esset
1272 1680 1343 1730 qui
1374 1680 1426 1717 ad

169 1741 340 1780 salutem
386 1755 637 1780 communem
686 1743 980 1781 defendendam
1026 1757 1108 1782 non
1158 1744 1427 1782 excitaretur?

168 1805 412 1843 Praesertim
451 1819 542 1844 cum
585 1810 749 1845 senatus
798 1807 1052 1858 populusque
1099 1808 1308 1845 Romanus
1354 1807 1425 1845 ha-

169 1868 284 1907 beret
329 1869 482 1918 ducem,
532 1870 665 1921 qualis
707 1871 741 1909 si
785 1873 856 1921 qui
897 1885 1004 1909 nunc
1045 1876 1157 1919 esset,
1197 1870 1275 1910 tibi
1319 1871 1426 1909 idem
1449 1885 1465 1908 2
1475 1884 1492 1920 5

170 1933 278 1983 quod
314 1933 395 1971 illis
431 1933 675 1984 contigisset.
746 1934 812 1972 Ad
844 1935 1092 1985 sepulturam
1124 1948 1267 1985 corpus
1298 1934 1429 1973 vitrici

170 1996 233 2034 sui
271 2001 395 2047 negat
431 2011 455 2035 a
490 2010 554 2035 me
592 1998 743 2036 datum.
830 1999 920 2036 Hoc
955 2012 1049 2037 vero
1089 2012 1140 2036 ne
1180 1998 1226 2037 P.
1267 1998 1429 2049 quidem

171 2060 337 2098 Clodius
395 2060 499 2099 dixit
553 2074 757 2112 unquam:
826 2063 889 2100 cui
944 2063 1041 2112 quia
1098 2063 1187 2100 iure
1243 2062 1429 2100 inimicus

167 2123 239 2172 fui,
281 2122 396 2162 doleo
433 2137 458 2162 a
488 2128 529 2162 te
564 2125 751 2163 omnibus
782 2126 892 2164 vitiis
927 2139 1018 2163 eum
1055 2139 1140 2164 esse
1179 2130 1424 2177 superatum.

173 2191 233 2226 18.
265 2187 345 2229 Qui
375 2192 511 2226 autem
542 2189 618 2226 tibi
644 2189 756 2227 venit
785 2189 827 2226 in
854 2194 1029 2228 mentem
1057 2190 1239 2240 redigere
1267 2190 1309 2227 in
1342 2203 1423 2227 me·
1446 2203 1493 2239 30

169 2252 338 2290 moriam
357 2256 537 2290 nostram
556 2256 594 2290 te
615 2252 722 2291 domi
741 2253 788 2292 P.
809 2253 972 2291 Lentuli
993 2266 1077 2291 esse
1098 2254 1342 2291 educatum?
1373 2265 1425 2290 an

165 2315 357 2354 verebare
395 2329 446 2354 ne
483 2329 564 2354 non
600 2320 835 2367 putaremus
864 2322 1009 2355 natura
1045 2321 1085 2355 te
1121 2317 1300 2368 potuisse
1339 2322 1424 2354 tam

165 2379 395 2431 improbum
428 2380 607 2430 evadere,
648 2380 728 2420 nisi
759 2382 986 2420 accessisset
1023 2382 1141 2419 etiam
1180 2380 1420 2432 disciplina?
