1736 2615
177 167 225 201 46
479 153 482 155 ⁵
754 174 904 199 menno.

177 266 224 304 31
246 266 369 303 mima
394 266 559 316 posthac
588 264 690 301 nihil
712 265 906 311 futurum,
930 276 1086 301 omnem
1111 277 1151 301 se
1181 277 1356 302 amorem
1386 266 1494 303 abie-

247 329 344 366 cisse
384 329 485 366 illim
530 332 651 377 atque
690 327 730 363 in
774 327 876 364 hano
914 326 1322 365 transfudisse—cum
1353 328 1497 366 mulier

248 392 361 429 fleret
379 391 555 438 uberius,
578 391 697 428 homo
723 390 946 427 misericors
967 390 1071 427 ferre
1098 403 1179 428 non
1208 392 1352 441 potuit,
1376 397 1496 442 caput

249 455 417 505 aperuit,
441 455 482 491 in
501 454 646 491 collum
667 454 826 491 invasit.
884 453 914 491 O
938 454 1140 491 hominem
1168 454 1367 503 nequam!
1398 455 1497 504 quid

249 519 353 555 enim
373 518 483 554 aliud
502 517 660 554 dicam?
714 517 849 567 Magis
868 517 1026 566 proprie
1045 517 1148 553 nihil
1174 530 1335 567 possum
1355 517 1496 557 dicere.

181 598 193 620 r
201 596 218 630 5
247 582 356 631 Ergo
375 585 421 618 ut
440 585 479 618 te
505 580 760 627 Oatamitum,
794 580 1029 630 necopinato
1058 594 1147 618 cum
1175 584 1214 618 te
1243 581 1496 630 ostendisses,

249 649 406 695 praeter
442 657 552 694 spem
583 644 728 681 mulier
758 644 962 694 aspiceret,
999 643 1142 681 idcirco
1180 644 1322 682 urbem
1351 654 1501 682 terrore

249 712 452 756 nocturno,
477 708 643 745 Italiam
662 707 881 745 multorum
905 707 1061 745 dierum
1088 712 1199 745 metu
1226 708 1501 758 perturbasti?

251 774 311 810 78.
352 772 405 809 Et
443 771 549 809 domi
595 771 758 821 quidem
790 784 951 809 causam
997 772 1142 809 amoris
1171 771 1362 819 habuisti,
1403 772 1501 809 foris

251 836 370 874 etiam
390 836 620 885 turpiorem,
645 848 696 872 ne
719 835 763 872 L.
788 834 963 872 Plancus
990 835 1159 885 praedes
1181 838 1272 873 tuos
1298 835 1499 873 venderet.

185 914 229 937 20
250 900 476 937 Productus
513 903 647 936 autem
683 899 725 935 in
758 899 982 936 contionem
1021 912 1044 936 a
1075 898 1238 936 tribuno
1268 898 1376 948 plebi
1414 912 1503 936 cum

250 963 521 1013 respondisses
545 966 583 999 te
611 963 669 999 rei
695 966 788 1000 tuac
819 975 940 999 causa
971 962 1138 1008 venisse,
1162 962 1356 1012 populum
1381 963 1502 1000 etiam

251 1028 424 1065 dicacem
454 1027 496 1063 in
522 1030 561 1063 te
589 1026 810 1063 reddidisti.
869 1025 947 1063 Sed
969 1025 1089 1063 nimis
1111 1026 1241 1063 multa
1273 1026 1321 1063 de
1352 1026 1498 1076 nugis:

252 1091 302 1128 ad
320 1090 474 1127 maiora
492 1090 713 1128 veniamus.

182 1154 232 1193 32
312 1154 501 1191 XXXII.
543 1153 585 1190 G.
625 1152 786 1190 Caesari
824 1165 872 1189 ex
903 1153 1104 1202 Hispania
1129 1152 1313 1189 redeunti
1343 1153 1503 1190 obviam

252 1217 483 1267 longissime
508 1216 755 1266 processisti3
800 1216 979 1253 celeriter
1004 1216 1070 1253 isti
1096 1216 1247 1261 redisti,
1270 1220 1315 1253 ut
1337 1229 1501 1266 cognos-

252 1285 357 1319 ceret
386 1287 425 1318 te
455 1281 488 1318 si
513 1280 645 1317 minus
677 1280 832 1327 fortem,
870 1283 911 1317 at
940 1283 1074 1317 tamen
1105 1283 1339 1318 strenuum:
1372 1280 1502 1317 factus

254 1358 295 1382 es
318 1345 353 1381 ei
379 1357 516 1382 rursus
538 1344 670 1382 nescio
694 1357 775 1392 quo
793 1343 910 1380 modo
936 1342 1160 1381 familiaris.
1208 1342 1402 1381 Habebat
1429 1343 1503 1380 hoc

213 1421 230 1457 5
253 1407 413 1446 omnino
434 1407 599 1445 Caesar:
626 1419 745 1456 quem
765 1406 883 1456 plane
902 1405 1103 1456 perditum
1123 1418 1214 1443 aere
1233 1405 1363 1443 alieno
1384 1418 1500 1455 egen-

254 1476 425 1521 temque,
471 1471 503 1508 si
550 1470 721 1507 eundem
767 1482 941 1519 nequam
986 1469 1189 1506 hominem
1231 1469 1502 1518 audacemque

254 1538 455 1585 cognorat,
503 1534 609 1570 hunc
642 1533 683 1569 in
716 1532 1034 1570 familiaritatem
1066 1532 1329 1569 libentissime
1361 1532 1500 1582 recipi-

255 1599 359 1636 ebat.
418 1598 476 1634 79.
522 1597 601 1634 His
637 1597 762 1646 igitur
794 1596 914 1633 rebus
947 1595 1150 1646 praeclare
1187 1595 1498 1643 commendatus,

257 1664 390 1699 iussus
416 1674 457 1698 es
480 1660 703 1697 renuntiari
727 1659 864 1697 consul
888 1663 926 1696 et
948 1659 1111 1708 quidem
1129 1672 1218 1696 cum
1235 1660 1333 1709 ipso.
1389 1659 1504 1696 Nihil

193 1742 236 1764 10
258 1739 404 1776 queror
429 1724 478 1761 de
503 1723 728 1771 Dolabella,
760 1723 829 1772 qui
858 1726 944 1760 tum
974 1726 1032 1759 est
1062 1721 1269 1772 impulsus,
1302 1722 1499 1770 inductus,

257 1790 404 1827 elusus.
471 1788 560 1828 Qua
597 1787 639 1823 in
675 1800 717 1823 re
754 1790 907 1836 quanta
953 1786 1076 1823 fuerit
1112 1790 1281 1835 uterque
1326 1790 1504 1823 vestrum

257 1853 424 1904 perfidia
449 1852 491 1888 in
517 1850 770 1888 Dolabellam
798 1850 888 1899 quis
917 1849 1106 1899 ignorat?
1161 1849 1236 1886 Ille
1266 1850 1504 1899 promissum

258 1921 298 1955 et
315 1920 518 1966 receptum
537 1914 761 1952 intervertit
780 1913 831 1950 ad
850 1926 970 1962 seque
990 1912 1195 1950 transtulit
1211 1928 1218 1960 3
1248 1916 1294 1949 tu
1314 1913 1398 1949 eius
1418 1925 1505 1963 per-

259 1981 376 2018 fidiae
398 1979 647 2018 voluntatem
673 1982 783 2014 tuam
814 1976 1040 2026 ascripsisti.
1088 1976 1267 2014 Veniunt
1296 1976 1505 2014 Kalendae

198 2059 236 2094 15
260 2044 497 2089 Ianuariae3
528 2041 708 2091 cogimur
728 2041 769 2077 in
790 2044 972 2077 senatum
991 2054 998 2077 z
1030 2040 1209 2076 invectus
1231 2043 1289 2076 est
1308 2039 1505 2089 copiosius

260 2108 386 2145 multo
416 2107 457 2143 in
486 2106 607 2142 istum
636 2108 675 2141 et
702 2103 882 2154 paratius
911 2102 1123 2139 Dolabella
1148 2115 1271 2151 quam
1290 2115 1395 2139 nunc
1414 2116 1501 2152 ego.

263 2175 323 2208 80.
354 2171 434 2207 Hic
464 2172 597 2206 autem
632 2167 759 2204 iratus
789 2180 893 2215 quae
927 2166 1038 2211 dixit,
1075 2165 1115 2202 di
1148 2165 1265 2203 boni!
1325 2166 1505 2203 Primum

262 2248 351 2273 cum
381 2234 527 2271 Caesar
557 2231 794 2268 ostendisset
827 2242 879 2277 se,
914 2229 1149 2279 priusquam
1179 2228 1501 2278 proficisceretur,

263 2297 517 2336 Dolabellam
562 2294 763 2332 consulem
809 2306 892 2330 esse
938 2292 1312 2341 iussurum—quem
1355 2297 1505 2341 negant

197 2377 244 2401 20
264 2374 411 2412 regem,
444 2359 514 2410 qui
551 2362 590 2396 et
625 2357 773 2394 faceret
821 2368 975 2405 semper
1012 2355 1097 2391 cius
1133 2354 1239 2391 modi
1276 2354 1429 2404 aliquid
1466 2360 1504 2394 et
