1736 2615
687 175 890 201 Pmmrmc
918 175 962 201 11.
1438 165 1485 200 43

165 268 366 315 spectatus
395 264 501 312 civis,
531 278 653 314 quam
685 264 900 315 probatus!
958 263 1082 302 Cuius
1111 277 1160 301 ex
1191 264 1300 301 omni
1329 264 1412 302 vita
1432 263 1481 302 28

166 329 267 366 nihil
283 333 342 366 est
357 329 563 366 honestius
578 341 700 378 quam
715 328 823 378 quod
838 342 929 366 cum
943 328 1066 365 mima
1077 328 1172 365 fecit
1187 328 1414 365 divortium.
1440 341 1486 366 zo

168 393 228 430 70.
259 392 314 430 At
329 406 450 442 quam
465 392 602 430 crebro
618 396 805 442 usurpat:
841 393 864 413 “
881 395 921 429 et
940 391 1077 429 consul
1093 396 1131 429 et
1151 391 1352 429 Antonius
1366 391 1374 429 I
1391 391 1414 409 ''

166 456 256 493 Hoc
276 460 335 494 est
353 456 493 504 dicere,
518 460 556 494 et
575 456 713 493 consul
736 460 774 493 et
793 455 1140 506 impudicissimus
1161 461 1199 492 ct
1219 455 1357 492 consul
1378 460 1416 492 et

166 520 285 557 homo
317 520 595 569 nequissimus.
665 518 771 560 Quid
802 523 861 557 est
897 519 1003 556 enim
1040 519 1151 556 aliud
1187 519 1416 556 Antonius?

166 583 273 621 Nam
315 584 347 620 si
389 584 566 634 dignitas
604 583 897 633 significaretur
939 584 981 620 iu
1026 583 1198 630 nomine,
1236 584 1414 630 dixisset,

166 647 293 695 credo,
310 647 527 697 aliquando
547 661 646 685 avus
664 652 758 685 tuus
779 660 819 685 se
840 651 878 684 et
897 647 1100 685 consulem
1116 651 1155 684 et
1174 647 1413 684 Antonium:
1442 661 1457 683 2
1466 661 1483 694 5

166 723 375 760 nunquam
403 711 529 759 (lixit;
559 711 726 749 dixisset
759 711 880 748 etiam
912 711 1067 761 collega
1093 724 1217 757 meus,
1250 715 1420 761 patruus

167 777 271 822 tuus,
290 774 367 812 nisi
383 774 415 811 si
430 778 475 812 tu
491 788 532 812 es
548 774 654 812 solus
673 774 886 812 Antonius.
935 774 1013 812 Sed
1028 774 1168 812 omitto
1185 787 1231 811 ea
1246 778 1418 824 peccata,

167 851 270 887 quae
299 851 378 875 uon
407 842 501 875 sunt
529 851 666 875 earum
695 839 871 888 partium
899 838 1073 888 propria,
1106 838 1255 888 quibus
1275 842 1319 876 tu
1339 851 1423 875 rem

166 901 370 952 publicam
397 902 620 939 vexavisti:
652 902 704 939 ad
729 902 837 952 ipsas
864 906 957 940 tuas
985 906 1120 952 partes
1147 901 1277 949 redeo,
1301 902 1343 939 id
1363 906 1422 939 est

167 965 219 1003 ad
251 965 365 1003 civile
395 966 558 1013 bellum,
595 966 704 1015 quod
735 970 886 1014 natum,
927 966 1152 1014 conflatum,
1194 970 1421 1016 susceptum
1444 980 1492 1015 30

168 1042 290 1079 opera
308 1033 380 1067 tua
400 1033 458 1067 est
475 1045 482 1076 ;
513 1029 576 1066 cui
595 1029 702 1067 bello
722 1043 812 1067 cum
839 1034 1002 1079 propter
1026 1030 1284 1067 timiditatem
1310 1034 1422 1067 tuam

167 1097 254 1130 tum
286 1097 449 1143 propter
480 1093 669 1131 libidines
697 1093 873 1131 defuisti,
934 1093 1099 1130 XXIX.
1140 1094 1200 1131 71.
1229 1093 1424 1131 Gustaras
1443 1092 1494 1132 29

169 1157 323 1194 civilem
371 1157 609 1207 sanguinem
654 1157 719 1195 vel
765 1157 899 1207 potius
946 1157 1230 1205 exsorbueras3
1288 1157 1424 1194 fueras

167 1220 210 1257 in
238 1220 321 1258 acie
350 1220 584 1258 Pharsalica
617 1221 928 1271 antesignanus;
958 1221 1005 1258 L.
1032 1221 1267 1270 Domitium,
1290 1221 1422 1258 claris·

169 1284 314 1322 simum
356 1288 395 1322 et
432 1284 727 1322 nobilissimum
763 1286 905 1332 virum,
947 1285 1155 1332 occideras,
1196 1285 1424 1334 multosque

167 1351 386 1397 praeterea,
436 1348 507 1397 qui
554 1361 575 1385 e
620 1348 771 1398 proelio
818 1348 1058 1398 effugerant,
1108 1361 1208 1397 quos
1264 1348 1420 1394 Caesar,
1448 1362 1463 1395 5

170 1416 215 1449 ut
269 1411 494 1458 nonnullos,
541 1411 712 1449 fortasse
765 1416 971 1459 servasset,
1021 1412 1291 1449 crudelissime
1336 1425 1424 1462 per-

168 1479 327 1512 secutus
357 1475 605 1512 trucidaras:
638 1475 788 1525 quibus
819 1475 941 1512 rebus
974 1475 1096 1512 tantis
1121 1475 1272 1512 talibus
1302 1475 1426 1525 gestis

168 1539 266 1588 quid
320 1539 399 1576 fuit
454 1552 597 1576 causae
653 1552 723 1576 cur
774 1539 816 1576 in
860 1538 1040 1576 Africam
1083 1538 1295 1576 Caesarem
1345 1552 1424 1576 non

169 1615 392 1652 sequerere,
428 1616 518 1640 cum
550 1603 787 1653 praesertim
817 1603 913 1640 belli
946 1615 1039 1653 pars
1076 1606 1191 1640 tanta
1228 1603 1424 1640 restaret?

170 1666 318 1715 Itaque
337 1679 458 1716 quem
478 1667 608 1704 locum
635 1667 744 1717 apud
772 1667 904 1717 ipsum
931 1666 1142 1704 Caesarem
1162 1671 1252 1716 post
1273 1667 1358 1703 eius
1379 1679 1427 1703 ex
1457 1680 1493 1703 10

171 1729 309 1767 Africa
329 1730 503 1768 reditum
524 1730 766 1768 obtinuisti?
814 1730 901 1771 Quo
922 1744 1088 1767 numero
1113 1730 1260 1767 fuisti?
1302 1730 1426 1767 Cuius

172 1797 218 1831 tu
255 1794 508 1844 imperatoris
553 1797 743 1844 quaestor
787 1794 935 1841 fueras,
985 1794 1190 1831 dictatoris
1234 1794 1426 1844 magister

168 1858 361 1908 equitum,
398 1858 496 1895 belli
531 1859 727 1908 princeps,
769 1858 1016 1896 crudelitatis
1060 1862 1206 1906 auctor,
1254 1858 1425 1908 praedae

169 1923 308 1968 socius,
332 1926 582 1970 testamento,
605 1926 651 1960 ut
671 1922 832 1960 dicebas
854 1923 951 1973 ipse,
979 1922 1098 1970 filius,
1131 1922 1357 1972 appellatus
1385 1935 1426 1959 es

169 1986 218 2023 de
251 1987 431 2037 pecunia,
455 2000 577 2036 quam
608 1999 680 2036 pro
713 1985 841 2033 domo,
871 1999 944 2036 pro
974 1986 1114 2032 hortis,
1146 2000 1218 2036 pro
1253 1986 1425 2023 sectione
1454 2000 1489 2034 ¹5

172 2050 360 2088 debebas.
419 2051 480 2088 72.
510 2050 648 2087 Primo
667 2050 909 2100 respondisti
934 2050 1053 2100 plane
1081 2050 1277 2098 ferociter,
1303 2054 1352 2096 et,
1374 2063 1424 2087 ne

169 2114 304 2152 omnia
340 2114 479 2152 videar
508 2117 646 2151 contra
683 2118 732 2162 te,
767 2114 1058 2164 propemodum
1089 2127 1218 2163 aequa
1249 2117 1287 2151 et
1319 2114 1426 2152 iusta

168 2177 345 2215 dicebas:
378 2179 401 2197 ‘⁴
422 2191 446 2215 a
465 2190 529 2214 me
549 2177 592 2215 O.
614 2176 761 2215 Caesar
779 2177 1016 2228 pecuniam?
1050 2177 1130 2215 Cur
1148 2177 1282 2228 potius
1303 2191 1426 2227 quam

168 2254 243 2291 ego
257 2241 307 2279 ab
327 2241 422 2279 illo?
458 2240 524 2278 An
538 2241 622 2278 sine
637 2254 701 2278 me
715 2241 782 2278 ille
798 2241 921 2280 vicit?
958 2241 1013 2279 At
1028 2254 1077 2278 ne
1092 2241 1224 2292 potuit
1239 2242 1420 2291 quidem:

168 2317 242 2354 ego
263 2305 314 2343 ad
332 2305 449 2342 illum
468 2305 566 2342 belh'
585 2304 712 2343 civilis
737 2318 899 2342 causam
919 2305 1049 2353 attuli,
1067 2318 1141 2354 ego
1161 2304 1273 2355 leges
1293 2305 1425 2355 perni-
1449 2318 1496 2344 20

168 2368 294 2406 ciosas
318 2368 471 2420 rogavi,
497 2381 571 2419 ego
591 2382 703 2406 arma
723 2372 860 2407 contra
878 2369 1060 2407 consules
1085 2369 1427 2419 imperatoresque
