1736 2615
196 130 244 165 38
779 137 928 163 CICERO.

199 243 243 280 33
264 232 550 281 prospexerat3
580 229 692 266 cuius
711 232 846 266 tamen
872 227 999 265 scelus
1026 226 1069 264 in
1097 226 1243 265 scelere
1273 228 1511 278 cognoscite.

196 292 247 331 23
318 293 482 330 XXIII:
516 295 577 329 56.
613 291 871 329 Restituebat
899 290 1046 328 multos
1075 289 1347 328 calamitosos:
1390 291 1433 327 in
1468 290 1518 328 iis

270 357 404 407 patrui
423 355 536 392 nulla
553 355 717 392 mentio.
762 353 805 392 Si
825 367 995 401 severus,
1022 367 1092 391 cur
1109 366 1190 391 non
1209 353 1251 390 in
1271 353 1432 391 omnes?
1475 352 1517 390 Si

266 420 500 467 misericors,
523 432 593 456 cur
611 431 691 456 non
709 418 752 455 in
771 417 895 456 suos?
950 416 1029 454 Sed
1047 416 1187 455 omitto
1213 420 1385 455 ceteros:
1416 416 1516 454 Lici-

267 484 380 520 nium
412 481 671 520 Denticulum
716 481 766 518 de
805 480 893 518 alea
928 480 1244 528 condemnatum,
1285 479 1519 517 collusorem

228 560 245 596 5
269 560 397 595 suum,
420 545 606 592 restituit,
629 544 747 595 quasi
771 557 865 583 vero
890 544 1028 581 ludere
1048 556 1138 581 cum
1161 543 1422 581 condemnato
1441 555 1520 580 non

269 610 426 657 liceret3
464 609 611 647 scilicet
639 612 696 657 ut,
726 607 834 658 quod
860 607 903 644 in
933 607 1021 645 alea
1051 606 1293 657 perdiderat,
1328 605 1521 644 beneficio

268 674 371 724 legis
390 673 636 711 dissolveret.
694 671 825 712 Quam
850 670 1022 708 attulisti
1044 670 1241 708 rationem
1263 670 1412 720 populo
1440 669 1520 707 Ro-

270 750 388 775 mano
412 750 481 774 cur
504 749 596 773 eum
623 735 781 773 restitui
801 734 1028 785 oporteret?
1074 733 1307 783 Absentem,
1330 732 1457 782 credo,
1480 733 1523 770 in

270 814 358 838 reos
394 800 590 848 relatum3
628 811 713 837 rem
745 798 894 836 indicta
931 811 1052 836 causa
1082 797 1324 845 iudicatam3
1366 796 1523 834 nullum

210 880 250 903 10
271 864 396 902 fuisse
421 864 470 901 de
494 863 582 901 alea
605 863 695 913 lege
725 862 941 910 iudicium;
979 861 1019 899 vi
1051 874 1287 911 oppressum
1312 864 1351 898 et
1380 860 1522 907 armis3

272 932 483 979 postremo,
506 927 615 977 quod
633 926 682 964 de
701 929 845 977 patruo
865 929 934 963 tuo
955 924 1174 973 dicebatur,
1197 924 1367 975 pecunia
1384 923 1523 961 iudici-

271 1005 340 1030 um
361 1005 444 1029 esse
470 994 712 1041 corruptum.
769 990 885 1027 Nihil
902 990 1059 1027 horum.
1115 988 1171 1026 At
1188 988 1251 1026 vir
1269 988 1400 1026 bonus
1420 991 1459 1025 et
1481 1000 1525 1024 re

272 1056 434 1107 publica
456 1055 615 1105 dignus.
671 1053 788 1092 Nihil
808 1053 851 1090 id
873 1053 1037 1103 quidem
1063 1052 1114 1090 ad
1138 1065 1244 1100 rem;
1275 1064 1350 1102 ego
1375 1055 1522 1098 tamen,

273 1120 465 1170 quoniam
496 1119 804 1157 condemnatum
837 1130 921 1155 esse
957 1129 1030 1167 pro
1062 1115 1189 1154 nihilo
1221 1118 1290 1164 est,
1324 1115 1383 1153 ita
1411 1114 1524 1165 igno-

214 1199 222 1221 1
235 1198 252 1232 5
276 1197 449 1221 scerem:
497 1182 701 1220 hominem
747 1181 925 1219 omnium
972 1179 1275 1230 nequissimum,
1326 1178 1397 1228 qui
1442 1191 1523 1216 non

275 1247 479 1284 dubitaret
497 1246 561 1284 vel
579 1246 622 1283 in
640 1245 727 1282 foro
748 1245 836 1282 alea
854 1243 1004 1291 ludere,
1027 1244 1117 1294 lege
1143 1256 1247 1293 quae
1275 1246 1335 1280 est
1361 1242 1411 1279 de
1439 1241 1528 1279 alea

276 1311 584 1349 condemnatum
611 1309 682 1359 qui
707 1309 749 1345 in
781 1308 984 1358 integrum
1015 1307 1202 1354 restituit,
1238 1306 1273 1344 is
1304 1319 1385 1344 non
1415 1318 1526 1355 aper-

276 1375 427 1413 tissime
456 1374 634 1412 studium
663 1385 780 1410 suum
808 1372 894 1422 ipse
921 1370 1161 1422 profitetur?
1218 1369 1279 1407 57.
1309 1370 1362 1407 In
1390 1369 1528 1407 eodem

275 1452 369 1478 vero
388 1438 611 1485 tribunatu,
641 1450 730 1474 cum
756 1435 903 1474 Caesar
928 1435 971 1472 in
1004 1434 1249 1485 Hispaniam
1278 1433 1529 1484 proficiscens

214 1519 257 1543 ιο
278 1503 371 1541 huic
391 1501 700 1540 conculcandam
726 1499 889 1537 Italiam
920 1499 1161 1547 tradidisset,
1196 1510 1300 1548 quae
1334 1497 1413 1535 fuit
1443 1497 1529 1534 eius

275 1566 505 1619 peragratio
543 1564 799 1612 coloniarum,
841 1563 1026 1600 lustratio
1058 1561 1390 1612 municipiorum!
1441 1559 1529 1598 Scio

275 1644 339 1669 me
367 1631 409 1667 in
438 1629 560 1667 rebus
592 1627 916 1666 celebratissimis
946 1626 1125 1664 omnium
1156 1637 1338 1663 sermone
1371 1623 1525 1663 versari

277 1707 414 1744 eaque,
439 1705 542 1743 quae
557 1692 644 1730 dico
659 1691 919 1740 dicturusque
941 1704 1038 1738 sum,
1058 1689 1216 1727 notiora
1228 1702 1313 1726 esse
1328 1688 1526 1736 omnibus,

277 1759 348 1810 qui
375 1759 418 1796 in
443 1757 566 1795 Italia
595 1760 682 1794 tum
714 1756 891 1803 fuerunt,
928 1767 1050 1804 quam
1079 1753 1190 1801 mihi,
1225 1752 1296 1803 qui
1327 1765 1408 1790 non
1440 1751 1528 1789 fui:

213 1839 229 1861 2
239 1838 255 1872 5
278 1823 428 1861 notabo
460 1826 597 1860 tamen
634 1819 815 1870 singulas
851 1831 926 1866 res,
969 1817 1044 1855 etsi
1079 1816 1192 1854 nullo
1229 1816 1347 1853 modo
1383 1814 1531 1866 poterit

280 1887 406 1925 oratio
425 1899 515 1924 mea
535 1884 630 1923 satis
650 1884 782 1921 facere
800 1886 959 1921 vestrae
983 1880 1186 1919 scientiae.
1243 1879 1404 1917 Etenim
1423 1878 1532 1928 quod

278 1963 459 2000 unquam
485 1949 528 1986 in
550 1948 666 1986 terris
696 1950 855 1985 tantum
883 1945 1085 1996 flagitium
1119 1943 1318 1981 exstitisse
1349 1942 1531 1980 auditum

210 2015 261 2054 24
281 2019 350 2062 est,
391 2017 546 2052 tantam
582 2011 887 2062 turpitudinem,
927 2012 1086 2046 tantum
1122 2006 1324 2045 dedecus?
1369 2006 1530 2045 XXIV.

281 2081 341 2115 58.
372 2076 606 2116 Vehebatur
625 2075 666 2112 in
688 2073 824 2112 essedo
837 2073 1025 2111 tribunus
1040 2071 1166 2122 plebi;
1188 2070 1346 2108 lictores
1360 2069 1531 2106 laureati

280 2139 579 2186 antecedebant,
599 2138 702 2175 inter
721 2150 820 2186 quos
836 2139 976 2187 aperta
990 2135 1128 2172 lectica
1142 2133 1265 2171 mima
1279 2131 1528 2183 portabatur,

279 2217 402 2255 quam
422 2216 471 2240 ex
490 2202 647 2252 oppidis
674 2200 938 2250 municipales
965 2198 1150 2236 homines
1177 2196 1348 2244 honesti,
1371 2195 1532 2233 obviam

279 2266 500 2306 necessario
519 2265 773 2315 prodeuntes,
796 2276 877 2300 non
897 2266 991 2300 noto
1018 2261 1086 2299 illo
1107 2264 1147 2298 et
1173 2260 1331 2298 mimico
1355 2259 1529 2305 nomine,

238 2345 258 2383 5
281 2332 349 2370 sed
369 2329 628 2371 Volumniam
648 2326 969 2365 consalutabant.
1027 2324 1282 2375 Sequebatur
1301 2322 1423 2361 raeda
1442 2335 1531 2359 cum
