1736 2615
726 180 928 205 Pfflmrmc
956 180 1000 206 11.
1478 169 1524 202 45

203 270 448 307 constantia:
505 273 550 307 tu
596 281 689 306 vero
735 267 833 317 quid
870 268 943 305 es?
1007 267 1077 306 On.
1123 267 1290 317 Pompei
1336 266 1453 304 liberi
1475 265 1524 303 30

202 336 289 370 tum
325 333 499 383 primum
536 332 709 383 patriam
748 331 1145 381 repetebant—esto:
1195 330 1318 367 fuerit
1356 330 1454 368 haec

203 397 380 447 partium
406 409 526 434 causa
549 395 843 443 communis—3
872 395 1110 446 repetebant
1132 399 1339 445 praeterea
1363 394 1458 432 deos

203 460 365 510 patrios,
400 473 501 507 aras,
541 460 659 507 focos,
690 459 816 496 larem
846 472 963 496 suum
996 459 1249 506 familiarem,
1279 458 1322 494 in
1352 470 1457 507 quae

203 527 345 561 cuncta
390 526 436 561 tu
471 523 687 560 invaseras.
746 523 859 559 Haec
891 535 982 559 cum
1026 526 1208 572 peterent
1256 521 1376 559 armis
1413 521 1452 568 ii,

204 600 375 636 quorum
396 590 509 624 erant
528 586 832 636 legibus‚—etsi
853 585 895 622 in
921 585 1042 623 rebus
1065 585 1332 636 iniquissimis
1360 584 1458 634 quid
1485 597 1523 632 ¹5

203 654 335 700 potest
373 663 456 687 esse
494 649 613 699 aequi
625 649 831 687 P—tamen
881 662 1001 698 quem
1045 653 1130 686 erat
1173 648 1459 698 aequissimum

204 717 341 751 contra
378 713 448 751 Cn.
480 713 648 763 Pompei
684 713 832 750 liberos
865 714 1078 763 pugnare?
1118 713 1269 762 quem?
1309 716 1348 749 te
1379 725 1458 749 sec-

204 782 341 815 torem.
393 777 459 814 An
477 780 524 814 tu
549 776 742 814 Narbone
767 789 926 813 mensas
951 776 1157 826 hospitum
1189 788 1454 822 convomeres,

205 841 417 879 Dolabella
437 854 509 891 pro
528 844 567 877 te
587 841 629 877 in
649 839 852 890 Hispania
871 839 1111 878 dimicaret?

258 906 319 942 76.
349 904 428 946 Qui
454 917 547 942 vero
573 903 766 941 Narbone
791 903 965 941 reditus!
997 903 1117 940 etiam
1143 902 1364 953 quaerebat
1391 916 1460 940 cur
1483 917 1528 940 20

205 982 279 1019 ego
312 981 362 1006 ex
396 969 483 1018 ipso
514 981 633 1006 cursu
668 972 752 1005 tam
790 967 923 1005 subito
960 967 1223 1005 revertissem.
1280 966 1461 1017 Exposui

205 1045 344 1082 nuper,
367 1036 503 1082 patres
527 1031 750 1081 conscripti,
774 1044 937 1068 causam
966 1030 1118 1068 reditus
1148 1031 1250 1067 mei:
1281 1029 1401 1077 volui,
1427 1030 1460 1067 si

205 1109 372 1146 possem,
410 1095 531 1133 etiam
569 1098 662 1132 ante
695 1094 906 1132 Kalendas
937 1094 1152 1131 lanuarias
1184 1093 1372 1144 prodesse
1401 1093 1459 1130 rei

204 1159 401 1209 publicae.
458 1158 566 1195 Nam
589 1158 699 1207 quod
726 1158 962 1207 quaerebas,
985 1170 1065 1207 quo
1092 1156 1211 1194 modo
1239 1156 1456 1194 redissem:

204 1222 380 1272 primum
398 1221 497 1268 luce,
521 1234 601 1258 non
620 1221 820 1269 tenebris3
851 1220 994 1258 deinde
1014 1233 1103 1258 cum
1129 1220 1269 1258 calceis
1289 1224 1327 1257 et
1348 1224 1456 1269 toga,
1484 1233 1525 1266 25

205 1285 327 1323 nullis
345 1298 418 1323 nec
438 1284 602 1323 Gallicis
621 1298 692 1322 nec
711 1285 883 1323 lacerna.
940 1284 995 1322 At
1016 1284 1136 1321 etiam
1156 1284 1301 1334 aspicis
1328 1296 1391 1320 me
1421 1288 1459 1320 et

204 1349 378 1399 quidem,
411 1353 457 1386 ut
483 1348 642 1397 videris,
675 1349 813 1387 iratus.
860 1348 924 1386 Ne
949 1352 994 1385 tu
1019 1349 1100 1385 iam
1122 1360 1279 1385 mecum
1303 1347 1346 1384 in
1368 1360 1457 1397 gra-

205 1414 303 1450 tiam
328 1413 479 1460 redeas,
510 1412 544 1450 si
574 1413 675 1450 scias
705 1425 827 1462 quam
853 1425 916 1449 me
942 1411 1094 1462 pudeat
1119 1411 1324 1461 nequitiae
1350 1414 1456 1456 tuae,

205 1477 319 1514 cuius
341 1480 381 1514 te
406 1477 539 1527 ipsum
567 1489 647 1514 non
670 1476 807 1526 pudet.
845 1476 909 1512 Ex
935 1475 1115 1513 omnium
1135 1475 1322 1513 omnibus
1346 1475 1458 1524 flagi-

207 1541 271 1578 tiis
290 1540 450 1577 nullum
486 1540 646 1590 turpius
676 1540 769 1588 vidi,
806 1539 964 1576 nullum
998 1539 1158 1577 audivi:
1203 1539 1274 1589 qui
1309 1538 1457 1588 magis·
1481 1552 1526 1587 30

206 1608 266 1641 ter
295 1604 477 1654 equitum
506 1604 632 1641 fuisse
662 1603 737 1641 tibi
761 1603 953 1651 viderere,
988 1603 1030 1639 in
1055 1603 1284 1653 proximum
1309 1615 1459 1639 annum

205 1667 456 1705 consulatum
488 1671 644 1718 peteres
676 1667 740 1705 vel
769 1667 903 1717 potius
934 1679 1110 1717 rogares,
1142 1679 1214 1716 per
1241 1665 1459 1716 municipia

204 1731 458 1781 coloniasque
497 1731 664 1779 Galliae,
702 1743 722 1768 e
755 1744 836 1780 qua
872 1743 945 1768 nos
977 1734 1064 1768 tum
1100 1744 1190 1768 cum
1227 1730 1458 1767 consulatus

203 1794 427 1846 petebatur,
461 1808 542 1832 non
578 1794 811 1845 rogabatur,
846 1798 981 1845 petere
1019 1794 1271 1832 consulatum
1304 1793 1456 1831 soleba-

203 1872 302 1907 mus,
327 1872 415 1897 cum
437 1858 601 1897 Gallicis
621 1862 660 1896 et
678 1858 836 1896 lacerna
860 1858 1079 1896 cucurristi.
1123 1857 1288 1895 XXXI.
1321 1857 1382 1895 77.
1403 1857 1457 1895 At
1476 1856 1524 1896 31

202 1923 336 1960 videte
358 1923 561 1961 levitatem
590 1922 775 1960 hominis.
833 1922 934 1960 Cum
962 1922 1061 1960 hora
1090 1922 1170 1959 diei
1193 1922 1345 1959 decima
1373 1921 1458 1959 fere

204 1987 256 2024 ad
288 1986 394 2024 Saxa
419 1986 544 2024 rubra
568 1986 753 2033 venisset,
785 1986 944 2023 delituit
966 1986 1008 2022 in
1033 1986 1209 2035 quadam
1232 1985 1458 2036 cauponula

203 2055 325 2100 atque
356 2050 414 2088 ibi
445 2063 486 2088 se
522 2050 724 2088 occultans
761 2050 988 2100 perpotavit
1019 2050 1069 2087 ad
1101 2063 1331 2100 vesperam3
1361 2049 1455 2086 inde

203 2114 297 2151 cisio
323 2113 503 2151 celeriter
524 2114 576 2150 ad
600 2113 743 2151 urbem
770 2113 970 2161 advectus,
994 2113 1157 2150 domum
1181 2113 1291 2151 venit
1324 2113 1455 2163 capite
1478 2126 1495 2160 5

203 2177 404 2215 obvoluto.
455 2177 635 2215 Ianitor:
681 2177 805 2227 “quis
820 2177 921 2214 tu?''
947 2178 1159 2215 “aMarco
1175 2176 1452 2214 tabellarius.'‘

202 2240 422 2278 Confestim
441 2241 492 2278 ad
513 2254 611 2289 eam,
635 2240 748 2278 cuius
767 2254 887 2278 causa
905 2245 1079 2289 venerat,
1105 2241 1222 2290 eique
1242 2240 1455 2291 epistulam

202 2305 378 2342 tradidit.
446 2304 577 2345 Quam
622 2318 711 2343 cum
756 2305 827 2342 illa
871 2305 1025 2355 legeret
1069 2305 1310 2342 flens—erat
1347 2304 1454 2341 enim

201 2367 347 2418 scripta
367 2369 580 2417 amatorie;
611 2373 731 2420 caput
751 2373 885 2407 autem
903 2369 1138 2418 litterarum,
1164 2369 1241 2407 sibi
1269 2382 1358 2406 cum
1380 2368 1451 2405 illa
