1736 2615
228 161 273 196 28
805 168 955 195 crosno.

230 259 277 298 12
297 260 489 297 laetatum
508 270 592 297 esse
617 262 743 297 morte
770 258 951 297 Caesaris
977 258 1126 296 crimen
1152 259 1268 297 esse?
1300 259 1406 301 Quid
1435 257 1543 298 enim

298 324 461 360 interest
480 323 584 360 inter
607 335 809 359 suasorem
841 322 935 359 facti
957 326 996 359 et
1022 322 1305 372 probatorem?
1343 323 1427 361 Aut
1451 323 1548 373 quid

296 386 419 423 refert
438 390 572 422 utrum
592 385 785 422 voluerim
805 385 889 421 fieri
910 398 960 422 an
981 385 1178 435 gaudeam
1192 386 1372 424 factum?
1401 385 1550 436 Ecquis

237 464 244 486 ι
259 463 275 497 5
303 453 361 485 est
382 449 506 498 igitur
525 448 700 498 exeeptis
720 448 786 496 eis,
809 448 879 497 qui
899 448 1012 485 illum
1031 461 1200 498 regnare
1219 449 1460 499 gaudebant,
1479 448 1550 498 qm‘

299 512 398 548 illud
418 514 488 548 aut
513 511 598 547 fieri
627 511 800 548 noluerit
825 515 896 548 aut
920 511 1071 548 factum
1097 511 1362 561 improbarit?
1404 512 1551 550 Omnes

300 588 394 624 ergo
423 575 464 611 in
494 574 622 624 culpa.
680 575 840 611 Etenim
869 587 1005 612 omnes
1033 574 1140 622 boni,
1163 580 1359 624 quantum
1387 575 1428 612 in
1453 575 1551 625 ipsis

300 639 389 686 fuit,
410 638 621 676 Caesarem
642 638 870 676 oeciderunt
888 653 895 675 :
928 638 1017 675 aliis
1036 639 1253 685 consilium,
1272 639 1359 676 aliis
1379 638 1547 686 animus,

300 701 389 739 aliis
408 701 558 738 occasio
575 701 720 748 defuit3
750 701 936 739 voluntas
951 702 1112 739 nemini.
1171 705 1230 739 30.
1253 702 1331 741 Sed
1351 705 1552 752 stuporem

235 780 280 803 20
302 765 474 802 hominis
506 764 569 802 vel
601 764 729 802 dicam
759 765 921 815 pecudis
952 765 1168 813 attendite3
1210 766 1264 804 sic
1294 765 1398 803 enim
1424 765 1548 802 dixit:

305 829 496 866 “Brutus
526 841 645 877 quem
676 841 750 878 ego
787 828 948 866 honoris
984 841 1103 866 causa
1139 829 1311 876 nomino,
1344 832 1553 867 cruentum

304 892 521 942 pugionem
534 895 673 928 tenens
686 891 915 929 Ciceronem
931 891 1185 931 exclamavit:
1218 905 1267 930 ex
1280 905 1359 942 quo
1372 891 1553 941 intellegi

304 955 425 992 debet
445 968 536 992 eum
556 955 754 992 conscium
774 955 941 993 suisse.''
981 955 1090 1005 Ergo
1103 968 1178 1006 ego
1191 956 1406 993 sceleratus
1417 955 1551 1006 appel-

304 1018 364 1056 lor
383 1031 406 1055 a
427 1022 475 1065 te,
499 1031 619 1067 quem
638 1022 683 1055 tu
704 1018 947 1068 suspicatum
967 1018 1121 1067 aliquid
1134 1018 1368 1069 suspicaris;
1390 1018 1467 1065 ille,
1484 1018 1553 1068 qui

240 1097 255 1119 z
265 1095 281 1130 5
306 1081 524 1119 stillantem
543 1094 639 1131 prae
667 1094 707 1118 se
732 1081 949 1131 pugionem
977 1082 1081 1129 tulit,
1101 1082 1134 1119 is
1154 1095 1178 1120 a
1196 1086 1234 1120 te
1254 1082 1416 1119 honoris
1436 1095 1555 1120 causa

303 1145 564 1183 nominatur?
594 1145 690 1183 Esto
708 1160 716 1192 ;
747 1145 797 1182 sit
815 1145 857 1183 in
875 1145 1009 1183 verbis
1028 1145 1109 1183 tuis
1127 1145 1191 1183 hic
1211 1150 1371 1196 stupor:
1404 1151 1555 1196 quanto

307 1209 348 1246 in
385 1208 506 1246 rebus
540 1208 827 1258 sententiisque
856 1208 1004 1247 maior!
1052 1208 1259 1247 Constitue
1288 1209 1373 1258 hoc,
1405 1209 1551 1257 consul,

308 1272 536 1321 aliquando,
573 1272 802 1320 Brutorum,
840 1271 884 1310 C.
917 1271 1056 1321 Cassii,
1090 1272 1161 1311 Cn.
1193 1272 1372 1321 Domitii,
1395 1273 1437 1311 C.
1462 1273 1554 1310 Tre-

305 1335 425 1382 bonii,
445 1335 691 1384 reliquorum
706 1348 828 1384 quam
840 1335 939 1374 velis
952 1348 1036 1373 esse
1049 1349 1226 1384 causam3
1249 1336 1398 1374 edormi
1417 1349 1555 1387 crapu-

242 1412 287 1447 30
308 1398 398 1446 lam,
416 1398 594 1448 inquam,
613 1402 651 1436 et
671 1398 826 1436 exhala.
856 1397 921 1436 An
940 1398 1047 1437 faces
1060 1398 1331 1437 admovendae
1347 1403 1439 1437 sunt
1453 1413 1557 1450 quae

309 1462 482 1499 excitent
528 1465 663 1499 tantae
711 1474 853 1500 causae
897 1462 1232 1500 indormientem?
1286 1463 1558 1513 Nunquamne

307 1525 517 1575 intelleges
549 1525 807 1563 statuendum
838 1525 912 1563 tibi
945 1539 1029 1564 esse
1061 1531 1195 1564 utrum
1232 1527 1301 1574 illi,
1334 1527 1403 1576 qui
1441 1527 1558 1564 istam

308 1602 391 1626 rem
425 1594 645 1638 gesserunt,
681 1589 902 1627 homicidae
935 1589 1015 1627 sint
1044 1603 1095 1628 an
1127 1590 1303 1628 vindices
1330 1590 1559 1628 libertatis?

243 1652 289 1690 13
311 1652 437 1690 XIII.
469 1655 529 1689 31.
559 1651 735 1690 Attende
763 1653 868 1690 enim
891 1653 1096 1704 paulisper
1114 1654 1475 1704 cogitationemque
1498 1667 1558 1691 so·

317 1715 394 1753 brii
420 1715 592 1753 hominis
611 1720 803 1766 punctum
823 1717 1013 1767 temporis
1033 1717 1200 1768 suscipe.
1256 1718 1354 1767 Ego,
1384 1718 1452 1767 qui
1473 1731 1560 1754 sum

312 1779 484 1826 illorum,
502 1783 547 1816 ut
566 1780 651 1829 ipse
671 1780 810 1828 fateor,
829 1780 1053 1829 familiaris,
1069 1784 1114 1817 ut
1134 1794 1157 1818 a
1177 1785 1215 1817 te
1235 1794 1394 1830 arguor,
1419 1780 1558 1828 socius,

310 1855 414 1892 nego
436 1843 651 1892 quicquam
672 1856 757 1881 esse
776 1843 951 1881 medium
970 1859 978 1881 :
1011 1845 1200 1881 confiteor
1219 1856 1295 1891 eos,
1315 1843 1391 1881 nisi
1416 1843 1560 1881 libera-

270 1919 286 1954 5
310 1910 416 1944 teres
435 1906 575 1956 populi
594 1906 768 1944 Romani
788 1911 1166 1957 conservatoresque
1187 1907 1242 1944 rei
1264 1907 1448 1957 publicae
1468 1906 1558 1954 sint,

311 1969 402 2020 plus
414 1982 536 2018 quam
549 1969 721 2018 sicarios,
733 1969 824 2020 plus
836 1983 957 2020 quam
965 1970 1194 2018 homicidas,
1205 1970 1296 2020 plus
1308 1970 1428 2007 etiam
1441 1983 1564 2019 quam

312 2032 531 2082 parricidas
552 2046 648 2083 esse,
672 2034 869 2083 siquidem
890 2038 949 2072 est
975 2034 1147 2072 atrocius
1175 2034 1330 2084 patriae
1356 2038 1563 2084 parentem

313 2109 436 2145 quam
462 2110 577 2133 suum
604 2097 807 2135 occidere:
840 2101 885 2135 tu
907 2097 1026 2134 homo
1053 2098 1212 2147 sapiens
1240 2101 1279 2134 et
1303 2097 1560 2143 considerate,

314 2159 413 2208 quid
441 2159 570 2197 dieis?
613 2160 654 2197 Si
680 2160 911 2210 parricidas,
935 2174 1003 2198 cur
1028 2160 1191 2198 honoris
1214 2173 1332 2198 causa
1361 2173 1384 2197 a
1412 2164 1448 2197 tc
1473 2163 1566 2197 sunt

251 2235 294 2260 10
317 2226 355 2259 et
391 2222 432 2258 in
460 2222 533 2260 hoc
561 2223 699 2259 ordine
730 2228 768 2260 et
797 2224 904 2273 apud
934 2223 1125 2274 populum
1154 2224 1381 2261 Romanum
1412 2235 1566 2272 semper

315 2285 537 2336 appellati?
579 2286 660 2323 Cur
680 2286 735 2324 M.
759 2287 910 2325 Brutus
929 2288 1126 2324 referente
1147 2291 1184 2324 te
1204 2286 1363 2337 legibus
1384 2290 1441 2323 est
1462 2285 1565 2323 solu-

315 2352 390 2397 tus,
415 2349 447 2386 si
468 2348 519 2387 ab
540 2349 640 2387 urbe
659 2349 749 2400 plus
769 2364 890 2400 quam
911 2351 1044 2389 decem
1065 2351 1149 2389 dies
1168 2350 1365 2389 afuisset?
1393 2363 1462 2388 cur
1482 2349 1567 2387 ludi
