1736 2615
185 132 205 165 5
212 132 233 165 6
770 141 919 167 CICERO.

183 230 231 268 41
253 231 391 281 populi
420 231 607 279 Romani,
632 232 877 269 monimenta
902 232 1108 279 maiorum,
1133 231 1264 269 omnis
1284 232 1504 282 sapientiae

190 307 233 331 10
255 295 355 331 ratio
385 294 593 343 omnisque
625 294 838 331 doctrinae.
895 294 950 331 At
977 307 1070 332 vero
1100 298 1139 332 te
1168 295 1504 344 inquilino—non

253 358 358 394 enim
386 358 872 407 domino—personabant
909 358 1043 395 omnia
1080 358 1244 395 vocibus
1281 358 1495 407 ebriorum,

254 421 451 458 natabant
508 421 739 470 pavimenta
794 421 897 469 vino,
945 421 1165 459 madebant
1211 422 1395 471 parietes,
1444 422 1502 458 in-

253 484 375 534 genui
425 485 539 534 pueri
594 498 682 521 cum
728 485 941 522 meritoriis
987 485 1091 522 inter
1135 489 1283 522 matres
1328 485 1504 522 familias

252 548 527 585 versabantur.
602 548 746 585 Casino
794 549 1012 585 salutatum
1056 548 1282 596 veniebant,
1325 548 1498 598 Aquino,

192 625 229 659 ¹5
253 612 509 648 Interamna:
543 612 741 649 admissus
770 616 828 649 est
856 624 984 648 nemo.
1042 612 1136 649 Iure
1165 612 1206 649 id
1235 612 1420 661 quidem:
1461 612 1504 649 in

252 674 412 711 homine
451 675 555 711 enim
592 675 822 725 turpissimo
860 675 1148 713 obsolefiebant
1190 675 1402 725 dignitatis
1442 675 1500 712 in-

257 738 400 788 signia.
451 741 534 775 106.
557 738 657 775 Cum
673 739 765 775 inde
780 738 950 775 Romam
965 739 1216 789 proficiscens
1231 739 1283 776 ad
1295 738 1502 788 Aquinum

257 802 468 847 accederet,
503 801 663 838 obviam
696 802 731 838 ei
760 802 962 852 processit,
991 806 1037 840 ut
1066 807 1124 840 est
1154 803 1345 852 frequens
1373 802 1502 839 muni-

253 865 410 915 cipium,
434 878 583 915 magna
612 878 706 902 sane
735 866 963 903 multitudo.
1020 866 1074 903 At
1101 866 1174 903 iste
1198 870 1338 916 operta
1366 866 1504 904 lectica

189 943 232 965 20
252 928 358 965 latus
378 942 447 978 per
471 928 662 978 oppidum
686 933 744 966 est
771 934 815 966 ut
840 933 1034 966 mortuus.
1091 928 1221 967 Stulte
1252 930 1497 978 Aquinates:

254 992 323 1028 sed
352 996 485 1029 tamen
515 992 557 1028 in
586 992 651 1029 via
683 992 936 1030 habitabant.
995 992 1101 1033 Quid
1129 992 1367 1042 Anagnini?
1423 991 1502 1033 Qui

254 1069 342 1092 cum
372 1059 503 1092 essent
532 1055 648 1103 devii,
681 1055 981 1103 descenderunt,
1008 1060 1054 1093 ut
1079 1056 1210 1103 istum,
1235 1060 1443 1105 tamquam
1470 1055 1503 1093 si

254 1123 356 1156 esset
384 1119 532 1166 consul,
566 1119 797 1156 salutarent.
861 1119 1104 1157 Incredibile
1133 1119 1241 1156 dictu
1268 1124 1337 1167 est,
1363 1132 1503 1157 verum

253 1182 402 1220 vicinos
418 1182 522 1219 inter
537 1196 673 1220 omnes
688 1183 896 1220 constabat
910 1183 1110 1220 neminem
1126 1196 1210 1221 esse
1226 1183 1499 1231 resalutatum,

189 1261 204 1283 2
214 1260 230 1294 5
254 1246 490 1296 praesertim
510 1260 599 1283 cum
620 1247 720 1283 duos
740 1259 873 1284 secum
893 1246 1129 1297 Anagninos
1148 1247 1326 1295 haberet,
1350 1247 1502 1284 Muste-

253 1309 335 1346 lam
356 1314 394 1346 et
413 1310 620 1357 Laconem,
645 1323 817 1359 quorum
837 1310 937 1347 alter
963 1310 1190 1360 gladiorum
1219 1315 1277 1347 est
1305 1310 1499 1360 princeps,

253 1373 354 1410 alter
396 1373 641 1422 poculorum.
719 1375 803 1410 107.
841 1373 947 1414 Quid
985 1387 1059 1424 ego
1096 1374 1186 1411 illas
1223 1374 1339 1411 istius
1375 1375 1505 1412 minas

253 1436 594 1485 contumeliasque
624 1449 937 1486 commemorem,
974 1437 1123 1487 quibus
1160 1438 1339 1475 invectus
1370 1442 1428 1475 est
1461 1437 1503 1474 in

254 1499 460 1547 Sidicinos,
500 1500 663 1537 vexavit
703 1500 958 1547 Puteolanos,
1000 1501 1108 1550 quod
1152 1501 1194 1539 C.
1235 1501 1417 1538 Cassium
1466 1506 1505 1539 et

189 1576 233 1611 30
255 1563 402 1599 Brutos
429 1566 619 1612 patronos
648 1563 934 1613 adoptassent?
989 1564 1141 1613 Magno
1168 1564 1331 1613 quidem
1357 1564 1500 1613 studio,

254 1626 410 1674 iudicio,
442 1626 732 1674 benevolentia,
764 1628 939 1674 caritate,
972 1640 1062 1675 non,
1100 1632 1145 1665 ut
1173 1632 1211 1665 te
1241 1632 1278 1665 et
1306 1628 1498 1677 Basilum,

253 1690 292 1727 vi
330 1694 368 1727 et
406 1690 537 1738 armis,
587 1694 625 1727 et
671 1690 770 1728 alios
815 1691 936 1728 vestri
984 1691 1141 1739 similes,
1192 1704 1293 1740 quos
1339 1692 1502 1730 clientes

254 1767 370 1790 nemo
407 1753 557 1791 habere
593 1754 700 1800 velit,
742 1768 820 1792 non
866 1754 982 1792 modo
1029 1755 1189 1792 illorum
1235 1755 1357 1792 cliens
1404 1769 1500 1794 esse.

185 1816 236 1855 42
255 1817 391 1854 XLII.
422 1817 584 1855 Interea
613 1818 708 1854 dum
741 1822 786 1855 tu
812 1817 918 1866 abes,
949 1818 1018 1867 qui
1043 1818 1126 1855 dies
1152 1818 1219 1855 ille
1245 1818 1420 1868 collegae
1445 1820 1506 1857 tui

254 1880 344 1927 fuit,
369 1893 457 1917 cum
476 1880 587 1927 illud,
621 1881 727 1930 quod
755 1881 938 1918 venerari
968 1882 1135 1928 solebas,
1162 1882 1324 1919 bustum
1353 1882 1394 1919 in
1418 1882 1506 1920 foro

256 1942 418 1981 evertit!
476 1942 566 1983 Qua
591 1957 632 1980 re
658 1944 732 1981 tibi
758 1945 953 1991 nuntiata,
981 1948 1026 1982 ut
1055 1945 1264 1982 constabat
1293 1945 1397 1982 inter
1426 1958 1503 1994 eos,

254 2006 324 2056 qui
370 2020 451 2043 una
492 2007 664 2054 fuerant,
706 2007 921 2045 concidisti.
993 2007 1099 2048 Quid
1147 2009 1323 2046 evenerit
1369 2013 1507 2058 postea

214 2083 232 2118 5
255 2070 592 2107 nesciaemctum
629 2070 744 2107 credo
786 2070 960 2107 valuisse
1001 2076 1039 2108 et
1086 2085 1271 2119 a1·ma—;
1313 2072 1507 2121 collegam

257 2132 419 2182 quidem
443 2133 491 2169 (le
521 2133 629 2170 caelo
655 2134 865 2170 detraxisti
891 2134 1137 2184 effecistique
1163 2148 1241 2171 non
1270 2139 1315 2172 tu
1344 2135 1506 2184 quidem

257 2197 511 2243 etiamnunc,
535 2200 580 2233 ut
604 2197 743 2233 similis
771 2198 842 2244 tui,
870 2197 939 2234 sed
967 2202 1070 2234 certe
1099 2202 1144 2235 ut
1172 2198 1376 2236 dissimilis
1405 2204 1507 2236 esset

258 2259 331 2296 sui.
394 2262 478 2296 108.
510 2259 587 2299 Qui
612 2273 704 2297 vero
734 2260 825 2296 inde
859 2260 1010 2298 reditus
1040 2260 1241 2299 Romam?
1280 2263 1391 2302 Quae
1415 2275 1502 2312 per-

257 2322 433 2361 turbatio
470 2323 594 2361 totius
640 2323 776 2361 urbis!
834 2324 1145 2362 Memineramus
1183 2325 1350 2362 Cinnam
1390 2326 1508 2363 nimis
