1736 2615
659 213 862 240 Pmmrmc
890 213 934 241 11.
1410 196 1457 239 27

137 306 321 345 Ahalae?
375 307 433 344 Hi
470 306 594 356 igitur
629 306 693 343 his
729 305 948 343 maioribus
985 305 1036 342 ab
1076 304 1217 342 alienis
1254 305 1387 355 potius
1409 304 1455 342 11

137 371 345 409 0011511111111
368 374 549 421 peterent
579 382 703 419 quam
734 382 757 406 a
790 369 870 406 suis
904 373 942 406 et
974 368 1072 406 foris
1104 368 1237 419 potius
1266 381 1389 418 quam

137 434 284 472 domo?
340 433 477 474 Quid?
532 432 575 470 C.
604 432 775 479 Cassius,
808 432 850 468 in
879 445 925 468 ea
952 431 1107 469 familia
1134 435 1264 480 natus,
1287 444 1391 481 quae

138 511 217 535 non
236 497 352 535 modo
372 497 619 534 dominatum
648 495 717 533 sed
745 508 795 532 ne
822 495 1043 545 potentiam
1071 495 1233 545 quidem
1258 495 1388 533 cuius·
1411 508 1459 533 20

137 575 259 611 quam
295 561 399 598 ferre
435 560 576 610 potuit,
617 573 680 596 me
718 562 930 607 auctorem,
964 559 1090 607 credo,
1125 558 1387 597 desideravit:

136 624 207 674 qui
227 625 346 662 etiam
367 624 450 661 sine
468 623 532 660 his
550 622 778 660 clarissimis
802 623 897 660 viris
927 622 1030 660 hanc
1059 635 1142 660 rem
1179 623 1221 659 in
1254 622 1392 660 Cilicia

139 688 189 725 ad
222 688 366 725 ostium
399 687 576 724 fluminis
609 685 738 735 Cydni
772 686 1015 734 confecisset,
1051 686 1083 723 si
1116 686 1183 723 ille
1217 689 1268 724 ad
1301 699 1390 723 eam

135 751 274 801 ripam,
309 764 431 800 quam
472 750 742 797 constituerat,
784 763 864 787 non
902 749 953 787 ad
990 751 1232 787 contrariam
1268 762 1392 787 naves

137 814 370 864 appulisset.
443 814 502 850 27.
544 813 614 851 Cn.
652 813 876 850 Domitium
912 826 991 850 non
1024 813 1150 863 patris
1188 813 1383 860 interitus,
1411 824 1455 861 25

136 877 344 915 clarissimi
376 877 462 924 viri,
492 890 571 914 non
605 876 791 913 avunculi
824 889 938 923 mors,
974 889 1054 913 11011
1086 876 1270 926 spoliatio
1301 876 1387 925 dig-

135 941 273 978 nitatis
294 940 344 978 ad
363 940 676 990 recuperandam
695 939 931 986 libertatem,
957 940 1026 977 sed
1055 952 1143 977 mea
1173 940 1389 977 auctoritas

137 1004 353 1042 excitavit?
420 1003 485 1041 An
522 1003 563 1041 C.
603 1003 801 1041 Trebonio
844 1016 918 1053 ego
960 1003 1174 1053 persuasi?
1229 1002 1303 1041 Cui
1340 1015 1391 1040 ne

138 1068 303 1106 suadere
323 1068 485 1117 quidem
505 1081 627 1105 ausus
648 1080 790 1114 essem3
820 1080 899 1116 quo
920 1068 1039 1104 etiam
1059 1066 1251 1104 maiorem
1272 1066 1308 1103 ei
1326 1078 1390 1104 res

137 1132 297 1182 publica
320 1132 493 1181 gratiam
525 1131 654 1178 debet,
690 1131 759 1180 qui
789 1130 1018 1167 libertatem
1050 1130 1189 1180 populi
1218 1130 1392 1167 Romani
1415 1143 1461 1179 30

136 1196 255 1232 unius
275 1195 471 1232 amicitiae
490 1193 722 1244 praeposuit
742 1193 1009 1243 depulsorque
1025 1193 1252 1231 dominatus
1271 1206 1394 1243 quam

136 1259 334 1309 particeps
371 1271 455 1295 esse
484 1257 639 1294 maluit.
695 1256 760 1293 An
790 1257 833 1293 L.
869 1257 1010 1294 Tillius
1043 1256 1204 1295 Cimber
1236 1269 1299 1294 me
1333 1260 1392 1294 est

137 1326 339 1360 auctorem
359 1321 544 1359 secutus?
600 1320 729 1362 Quem
749 1333 824 1370 ego
849 1321 978 1370 magis
1003 1320 1145 1358 fecisse
1173 1320 1284 1358 illam
1304 1333 1389 1357 rem

138 1400 226 1424 sum
245 1385 465 1423 admiratus
485 1398 606 1435 quam
625 1384 827 1421 facturum
845 1384 996 1434 putavi,
1017 1383 1238 1421 admiratus
1258 1387 1393 1421 autem

141 1450 192 1488 ob
221 1463 308 1487 eam
340 1462 511 1496 causam,
544 1447 653 1497 quod
680 1447 888 1485 immemor
915 1447 1210 1495 beneficiorum,
1243 1460 1395 1484 memor
1417 1459 1461 1496 35

138 1514 292 1564 patriae
324 1512 477 1549 fuisset.
541 1510 676 1552 Quid?
710 1511 810 1548 duos
848 1509 1236 1548 Servilios—Cascas
1266 1510 1395 1548 dicam

139 1591 191 1615 an
226 1576 379 1614 Ahalas
392 1576 502 1613 ’.Ρ-01
539 1575 611 1612 1105
649 1575 884 1612 auctoritate
913 1587 1002 1611 mea
1035 1587 1170 1612 censes
1204 1575 1395 1612 excitatos

139 1641 271 1692 potius
300 1653 423 1689 quam
448 1638 613 1676 caritate
644 1638 703 1676 rei
731 1638 947 1688 publicae?
1002 1638 1188 1687 Longum
1219 1641 1278 1675 est
1307 1650 1394 1687 per-

140 1704 253 1754 sequi
289 1707 451 1751 ceteros,
497 1702 619 1752 idque
655 1701 714 1739 rei
749 1701 934 1752 publicae
972 1701 1232 1751 praeclarum,
1269 1701 1395 1738 fuisse

139 1772 222 1806 tam
258 1767 414 1814 multos,
454 1766 552 1816 ipsis
595 1765 825 1815 gloriosum.
905 1765 1007 1802 XII.
1057 1767 1117 1801 28.
1182 1763 1237 1801 At
1274 1777 1395 1813 quem
1417 1763 1465 1802 12

140 1832 192 1869 ad
226 1831 389 1868 modum
424 1843 488 1867 me
525 1829 751 1879 coarguerit
786 1828 905 1866 homo
943 1832 1083 1865 acutus
1118 1827 1393 1865 recordamini.

145 1895 353 1933 “Caesare
375 1893 584 1931 interfecto
601 1892 624 1910 '’
646 1892 777 1941 inquit
801 1892 974 1929 “statim
999 1895 1208 1929 cruentum
1229 1891 1307 1928 alte
1328 1904 1394 1928 ex-

141 1959 284 1997 tollens
302 1959 454 1995 Brutus
470 1957 688 2007 pugionem
702 1955 929 1993 Ciceronem
949 1955 1184 1992 nominatim
1201 1955 1396 1992 exclama·

141 2023 199 2060 vit
218 2026 339 2072 atque
358 2021 394 2058 ei
412 2023 688 2071 recuperatam
702 2019 930 2056 libertatem
947 2025 1005 2055 est
1026 2017 1294 2067 gratulatus.''
1316 2017 1398 2056 Cur
1419 2030 1436 2066 5

141 2086 242 2124 mihi
271 2084 547 2136 potissimum?
587 2083 693 2124 Quia
722 2081 924 2120 sciebam?
970 2081 1073 2120 Vide
1102 2094 1152 2118 ne
1179 2081 1250 2119 illa
1277 2094 1398 2119 causa

142 2149 265 2188 fuerit
283 2147 514 2200 appellandi
532 2147 621 2194 mei,
645 2146 764 2196 quod,
787 2159 877 2183 cum
900 2158 983 2182 rem
1008 2145 1196 2195 gessisset
1214 2145 1396 2182 consimi-

142 2214 222 2252 lem
240 2213 361 2250 rebus
379 2212 439 2260 iis,
463 2224 565 2261 quas
583 2210 668 2260 ipse
688 2222 900 2260 gesseram,
924 2222 988 2245 me
1007 2208 1258 2258 potissimum
1277 2212 1396 2246 testa-

144 2281 210 2316 tus
230 2280 288 2314 est
309 2289 349 2314 se
369 2274 572 2313 aeumlum
591 2286 770 2310 mearum
796 2272 976 2309 laudium
997 2272 1187 2309 extitisse.
1244 2275 1306 2309 29.
1337 2272 1399 2309 Tu

146 2345 292 2389 autem,
315 2339 494 2378 omnium
521 2337 765 2384 stultissime,
798 2349 878 2374 non
906 2335 1118 2386 intellegis,
1152 2336 1195 2383 si,
1227 2335 1268 2373 id
1296 2335 1401 2386 quod
1426 2349 1467 2373 ιο

145 2416 210 2444 1110
229 2404 377 2456 arguiS,
400 2402 573 2442 voluisse
592 2400 761 2440 interfici
786 2399 998 2438 Caesarem
1017 2399 1166 2438 crimen
1185 2399 1246 2450 sit,
1277 2400 1398 2439 etiam
