1736 2615
703 187 905 213 PHILIPPIC
933 187 976 213 11.
1451 179 1494 214 61

183 292 258 328 ego
288 279 336 315 de
364 291 426 315 me
454 278 538 328 ipse
568 277 796 327 profitebor.
858 281 940 316 119.
982 278 1155 315 Defendi
1185 291 1268 315 rem
1298 278 1429 328 publi·
1449 278 1500 316 46

183 355 269 380 cam
302 341 544 388 adulescens,
576 353 656 378 non
684 340 863 378 deseram
892 354 1037 378 senex:
1078 342 1296 392 contempsi
1325 341 1430 379 Cati-

185 405 290 442 linae
310 405 476 454 gladios,
495 417 574 440 non
593 403 870 454 pertimescam
890 408 1000 451 tuos;
1031 405 1128 453 quin
1150 405 1269 442 etiam
1290 418 1432 455 corpus

185 469 357 506 libenter
377 467 601 515 obtulerim,
626 468 657 504 si
687 469 978 517 repraesentari
1002 473 1126 506 morte
1152 482 1242 506 mea
1266 468 1432 506 libertas

184 533 356 570 civitatis
400 535 541 582 potest,
580 535 625 568 ut
671 531 887 581 aliquando
925 532 1037 569 dolor
1076 533 1216 583 populi
1259 531 1432 569 Romani
1455 545 1501 569 zo

185 596 326 646 pariat,
368 595 475 645 quod.
515 595 597 632 iam
642 595 711 632 diu
751 596 946 646 parturit!
1020 597 1180 633 Etenim
1218 597 1250 633 si
1287 596 1432 633 abhinc

187 673 312 697 annos
337 672 460 710 prope
487 658 632 708 viginti
666 659 739 696 hoc
771 659 858 709 ipso
886 660 928 696 in
958 659 1106 710 templo
1136 659 1283 709 negavi
1318 672 1433 709 posse

186 726 354 760 mortem
405 723 660 759 immaturam
709 735 794 760 esse
844 723 1053 769 consulari,
1103 727 1255 772 quanto
1300 723 1434 760 verius

185 800 291 824 nunc
318 786 476 836 negabo
506 787 620 824 seni?
674 786 775 823 Mihi
805 799 909 833 vero,
939 791 1074 836 patres
1102 787 1324 836 conscripti,
1353 787 1434 823 iam

187 849 306 887 etiam
326 849 501 900 optanda
527 862 633 887 mors
652 853 711 887 est
736 849 945 899 perfuncto
965 850 1087 887 rebus
1109 850 1169 897 iis,
1193 863 1294 899 quas
1314 849 1432 899 adep·
1456 863 1474 886 z
1482 862 1499 897 5

186 918 251 951 tus
281 926 369 950 sum
393 925 575 962 quasque
601 913 718 962 gessi.
776 913 868 950 Duo
895 913 1012 951 modo
1040 913 1139 951 haec
1167 917 1271 963 opto,
1294 926 1430 961 unum,

185 981 231 1015 ut
259 977 433 1014 moriens
464 976 659 1027 populum
692 977 920 1013 Romanum
953 977 1125 1014 liberum
1157 977 1436 1026 relinquam——

186 1041 260 1079 hoc
287 1040 387 1077 mihi
413 1040 544 1078 maius
569 1040 620 1078 ab
651 1040 712 1077 dis
739 1041 1034 1079 immortalibus
1059 1041 1146 1078 dari
1174 1041 1277 1077 nihil
1304 1044 1436 1090 potest

186 1120 258 1152 ——;
294 1105 473 1150 alterum,
506 1107 552 1141 ut
581 1104 638 1141 ita
667 1104 810 1154 cuique
840 1104 1009 1152 eveniat,
1042 1109 1088 1142 ut
1120 1104 1169 1142 de
1201 1117 1244 1141 re
1273 1104 1436 1155 publica

186 1168 358 1218 quisque
376 1171 589 1204 mereatur.
1457 1180 1504 1216 30
