1736 2615
693 164 895 193 Pmmpmc
922 165 965 194 11.
1445 158 1489 192 41

173 255 453 294 acerbissimae
499 256 678 295 subiecta
723 258 942 308 praeconis.
1036 257 1132 295 Una
1178 258 1219 295 in
1266 258 1335 294 illa
1380 272 1422 294 1-0
1441 257 1492 295 26

172 321 375 358 servitutis
430 321 556 359 oblita
611 321 749 358 civitas
794 321 1014 371 ingemuit:
1074 321 1423 370 servientibusque

171 385 325 431 animis,
367 398 457 422 cum
493 385 626 422 omnia
666 389 775 422 metu
807 389 1049 431 tenerentur,
1087 385 1260 434 gemitus
1289 389 1423 422 tamen

170 448 310 497 populi
346 448 518 485 Romani
555 448 658 485 liber
694 449 783 486 fuit.
863 449 1201 499 Exspectantibus
1237 448 1422 485 omnibus
1450 463 1490 485 10

169 512 356 560 quisnam
376 516 478 549 esset
500 516 583 549 tam
610 512 769 562 impius,
792 516 875 549 tam
894 512 1066 560 demens,
1099 516 1182 550 tam
1207 512 1269 549 dis
1296 511 1422 548 1101111-

169 574 371 624 nibusque
403 575 538 623 hostis,
572 576 642 625 qui
671 576 722 613 ad
750 576 851 613 illud
879 576 1007 613 scelus
1040 576 1224 614 sectionis
1257 575 1422 612 auderet

169 638 365 687 accedere,
399 639 587 677 inventus
616 643 675 677 est
703 653 820 677 nemo
849 644 1008 690 praeter
1037 639 1269 685 Antonium,
1305 652 1419 689 prae-

170 702 307 739 sertim
343 715 433 740 cum
470 707 530 740 tot
566 707 697 740 essent
725 703 873 740 circum
901 703 1059 740 hastam
1090 703 1201 740 illam
1234 702 1304 752 qui
1341 702 1421 739 alia

168 767 302 803 omnia
321 767 515 804 auderent
531 781 538 804 :
570 780 674 804 unus
694 767 881 804 inventus
897 771 956 805 est
974 767 1045 816 qui
1060 767 1101 803 id
1118 766 1293 813 auderet,
1313 765 1423 815 quod
1448 778 1488 814 15

167 830 346 867 omnium
365 831 537 880 fugisset
556 834 595 868 et
622 831 922 869 reformidasset
941 831 1119 868 audacia.
1179 834 1238 867 65.
1269 830 1421 866 Tantus

167 893 293 943 igitur
321 897 360 931 te
393 898 533 944 stupor
565 895 762 944 oppressit
786 895 861 942 vel,
883 898 930 932 ut
957 894 1092 932 verius
1118 894 1259 938 dicam,
1282 897 1419 930 tantus

166 957 290 1005 furor,
313 961 359 995 ut
383 958 558 1008 primum
583 972 671 995 cum
701 962 827 996 sector
849 958 902 995 sis
924 958 1000 995 isto
1019 957 1104 995 1000
1122 961 1252 1004 natus,
1277 956 1421 994 deinde

169 1033 259 1058 cum
278 1021 446 1071 Pompei
466 1025 601 1069 sector,
625 1035 706 1059 non
724 1026 764 1059 tc
785 1026 1034 1059 exsecratum
1053 1021 1201 1072 populo
1221 1021 1416 1067 Romano,

168 1097 248 1121 non
285 1085 574 1133 detestabilem,
615 1099 696 1123 non
733 1099 870 1123 omnes
906 1085 982 1122 tibi
1020 1085 1125 1131 deos,
1166 1098 1247 1122 non
1284 1097 1419 1122 omnes
1441 1098 1488 1121 20

168 1147 349 1185 homines
386 1152 425 1185 et
462 1161 546 1186 esse
578 1149 759 1186 inimicos
790 1153 828 1186 et
856 1149 1015 1186 futuros
1043 1149 1173 1186 scias?
1214 1147 1269 1185 At
1298 1161 1421 1197 quam

167 1211 384 1249 insolenter
415 1212 549 1249 statim
580 1212 717 1249 helluo
747 1213 895 1250 invasit
925 1213 967 1249 in
999 1213 1084 1250 eius
1113 1212 1190 1250 viri
1222 1212 1417 1259 fortunas,

165 1276 279 1313 cuius
308 1276 456 1314 virtute
485 1276 703 1314 terribilior
734 1280 819 1314 erat
845 1276 1020 1326 populus
1042 1276 1251 1313 Romanus
1271 1275 1419 1312 exteris

167 1339 369 1389 gentibus,
401 1340 557 1377 iustitia
584 1340 734 1378 carior!
792 1340 978 1379 XXVII.
1007 1340 1060 1377 In
1083 1339 1168 1377 eius
1193 1339 1319 1389 igitur
1343 1340 1419 1377 viri
1439 1338 1490 1377 27

166 1404 299 1453 copias
332 1417 421 1441 cum
453 1417 495 1441 se
525 1404 657 1442 subito
683 1404 987 1454 ingurgitasset,
1011 1403 1242 1441 exsultabat
1271 1403 1419 1454 gaudio

166 1480 338 1517 persona
367 1467 416 1504 de
444 1468 565 1505 mimo
593 1468 711 1505 modo
738 1481 872 1518 egens,
896 1471 1059 1519 repente
1079 1468 1204 1506 dives.
1262 1468 1351 1515 Sed,
1375 1471 1420 1505 ut

167 1535 227 1568 est
263 1531 372 1581 apud
407 1536 568 1581 poetam
613 1532 747 1570 nescio
797 1545 929 1582 quem,
975 1532 1116 1570 “male
1152 1535 1270 1583 parta
1314 1531 1420 1569 male

166 1594 443 1633 dilabuutur.’'
506 1600 566 1633 66.
607 1596 852 1634 Incredibile
888 1610 934 1634 ac
971 1596 1099 1634 simile
1136 1596 1310 1647 portenti
1345 1600 1416 1645 est,
1442 1608 1459 1644 5

165 1671 342 1708 quonam
371 1660 488 1697 modo
522 1659 592 1697 illa
621 1664 704 1697 tam
733 1660 862 1698 multa
895 1674 1018 1710 quam
1050 1660 1188 1711 paucis
1220 1673 1301 1697 non
1332 1659 1418 1697 dico

165 1723 371 1761 mensibus
391 1724 461 1761 sed
480 1724 623 1761 diebus
643 1724 843 1762 effuderit.
901 1725 1106 1761 Maximus
1125 1724 1209 1762 vini
1228 1737 1419 1761 numerus

164 1786 255 1834 fuit,
276 1800 410 1837 perma
417 1801 543 1837 gnum
563 1788 704 1838 optimi
722 1788 881 1838 pondus
900 1789 1069 1839 argenti,
1093 1788 1268 1838 pretiosa
1282 1788 1414 1836 vestis,

164 1851 292 1888 multa
317 1855 356 1889 et
380 1851 492 1889 lauta
518 1851 700 1902 supellex
727 1855 767 1889 et
795 1853 1011 1902 magnifica
1042 1852 1179 1889 multis
1209 1851 1315 1900 locis,
1339 1865 1418 1889 non

164 1914 234 1951 illa
259 1915 422 1964 quidem
448 1915 644 1953 luxuriosi
676 1915 862 1964 hominis,
886 1915 956 1953 sed
984 1920 1119 1953 tamen
1144 1915 1412 1953 abundantis:
1443 1929 1488 1953 10

164 1977 308 2016 horum
333 1979 473 2028 paucis
505 1978 649 2016 diebus
679 1979 783 2016 nihil
808 1983 906 2017 erat.
966 1980 1025 2017 67.
1058 1979 1171 2020 Quae
1191 1979 1417 2028 Charybdis

163 2045 248 2079 tam
279 2042 435 2080 vorax?
489 2041 737 2091 Charybdim
763 2042 880 2080 dico?
935 2042 1048 2084 Quae
1079 2043 1112 2080 si
1144 2042 1233 2091 fuit,
1269 2042 1418 2080 animal

162 2118 288 2142 unum
306 2105 408 2143 fuit:
441 2105 634 2154 Oceanus,
667 2119 732 2144 me
761 2106 865 2144 Dius
894 2107 1046 2155 Fidius,
1079 2107 1147 2145 vix
1172 2107 1332 2145 videtur
1359 2109 1418 2144 tot

162 2181 226 2206 res
244 2174 328 2206 tam
347 2169 572 2219 dissipatas,
594 2174 679 2207 tam
697 2170 942 2208 distantibus
968 2171 1009 2207 in
1034 2170 1130 2208 locis
1158 2170 1310 2221 positas
1332 2174 1416 2208 tam

162 2233 238 2270 cito
282 2232 498 2270 absorbere
540 2234 731 2284 potuisse.
804 2234 919 2271 Nihil
963 2238 1048 2271 erat
1085 2234 1276 2282 clausum,
1316 2233 1419 2270 nihil
1444 2245 1484 2282 15

162 2296 434 2346 obsignatum,
456 2296 560 2334 nihil
589 2297 802 2348 scriptum3
833 2297 1050 2348 apothecae
1081 2301 1189 2335 totae
1220 2297 1416 2347 nequissi-

161 2360 237 2396 mis
269 2359 501 2397 hominibus
535 2361 869 2399 condonabantur
879 2376 890 2410 ;
931 2361 1012 2399 alia
1040 2361 1152 2398 mimi
1189 2361 1413 2411 rapiebant,
