1736 2615
231 197 278 232 34
815 203 963 229 monuo.

234 297 280 336 18
301 310 400 347 puer
446 300 528 333 tam
583 295 662 332 fuit
712 294 753 330 in
799 293 948 330 domini
998 296 1195 342 potestate
1245 304 1366 341 quam
1415 295 1459 329 tu
1509 291 1551 327 in

301 359 498 397 Curionis
574 356 769 398 Quotiens
804 360 844 394 te
881 360 996 406 pater
1033 355 1118 392 eius
1154 355 1275 392 domu
1312 367 1384 392 sua
1424 353 1547 400 eiecit,

302 423 488 472 quotiens
528 420 710 458 custodes
746 419 891 470 posuit,
932 432 982 456 ne
1024 419 1146 455 limen
1182 417 1388 455 intrares?
1452 417 1552 455 Cum

303 490 347 523 tu
385 489 519 522 tamen
555 487 669 521 nocte
708 482 823 530 socia,
865 486 1029 532 cogente
1066 481 1256 529 mercede,
1293 494 1364 531 per
1394 480 1553 530 tegulas

240 562 279 596 15
303 548 566 585 demitterere.
642 545 754 587 Quae
790 545 947 595 flagitia
984 545 1124 582 domus
1160 545 1230 582 illa
1262 545 1412 582 diutius
1448 544 1553 581 ferre

303 625 383 649 non
424 611 568 662 potuit.
651 610 787 648 Scisne
833 623 896 646 me
940 609 989 646 de
1030 609 1152 646 rebus
1194 609 1293 646 mihi
1335 608 1553 646 notissimis

304 675 468 713 dicere?
532 673 757 711 Recordare
802 677 960 723 tempus
996 673 1108 720 illud,
1149 686 1238 710 cum
1283 676 1398 722 pater
1434 671 1553 710 Curio

304 751 486 776 maerens
528 737 685 775 iacebat
732 737 774 774 in
820 737 931 784 lecto,
972 736 1079 774 filius
1117 749 1157 774 se
1198 736 1248 774 ad
1288 735 1411 786 pedes
1446 748 1555 773 meos

304 806 571 853 prosternens,
607 801 819 838 lacrimans
852 804 891 838 te
922 800 1021 837 mihi
1058 799 1372 846 commendabat,
1413 799 1555 836 orabat

240 880 288 904 zo
308 870 354 903 ut
389 869 429 902 te
471 869 609 902 contra
647 877 763 901 suum
800 868 967 914 patrem,
1009 865 1041 901 si
1080 864 1306 901 sestertium
1343 863 1555 913 sexagiens

306 932 469 979 peteret,
511 927 788 975 defenderem3
829 931 985 965 tantum
1032 927 1137 964 enim
1173 940 1214 965 se
1250 940 1321 977 pro
1359 931 1398 964 te
1434 927 1554 964 inter-

308 992 471 1030 cessisse
497 991 665 1029 dicebat.
722 991 816 1041 Ipse
846 995 979 1029 autem
1008 1003 1141 1028 amore
1175 991 1318 1028 ardens
1349 991 1554 1028 confirma-

307 1056 388 1103 bat,
429 1055 537 1105 quod
574 1055 814 1093 desiderium
851 1055 911 1092 tui
957 1055 1111 1092 discidii
1148 1055 1252 1092 ferre
1289 1068 1369 1092 non
1408 1059 1552 1105 posset,

308 1119 414 1157 sein
443 1118 627 1156 exsilium
656 1119 818 1156 iturum.
876 1121 937 1155 46.
968 1117 1056 1159 Quo
1089 1122 1266 1168 tempore
1298 1131 1371 1168 ego
1405 1121 1556 1167 quanta

241 1196 284 1231 25
306 1182 413 1220 mala
432 1182 735 1219 florentissimae
758 1182 935 1219 familiae
967 1182 1101 1219 sedavi
1131 1182 1195 1219 vel
1224 1182 1357 1232 potius
1387 1181 1554 1219 sustuli!

308 1246 421 1283 Patri
440 1246 630 1296 persuasi,
651 1249 696 1282 ut
715 1258 783 1283 aes
799 1245 973 1282 alienum
993 1245 1064 1282 filii
1085 1245 1328 1293 dissolveret,
1347 1246 1557 1282 redimeret

309 1309 614 1358 adulescentem,
656 1322 811 1347 summa
849 1322 917 1359 spe
956 1313 994 1346 et
1037 1309 1161 1346 animi
1197 1313 1236 1347 et
1264 1309 1416 1359 ingenii
1443 1322 1556 1359 prae·

308 1374 447 1422 ditum,
487 1373 544 1410 rei
577 1372 789 1410 familiaris
818 1373 1091 1420 facultatibus,
1127 1386 1297 1422 eumque
1329 1386 1409 1410 non
1440 1373 1558 1410 modo

309 1441 379 1475 tua
398 1436 675 1474 familiaritate
697 1437 766 1474 sed
795 1436 915 1474 etiam
945 1436 1223 1486 congressione
1248 1436 1377 1486 patrio
1408 1437 1494 1473 iure
1520 1440 1558 1475 et

244 1515 289 1550 30
310 1504 506 1551 potestate
525 1500 769 1550 prohiberet.
828 1500 941 1537 Haec
962 1504 1006 1537 tu
1025 1513 1115 1537 cum
1134 1513 1204 1550 per
1232 1513 1295 1537 me
1315 1504 1403 1537 acta
1421 1500 1557 1537 memi-

309 1564 446 1612 nisses,
469 1564 546 1600 nisi
566 1563 656 1612 illis,
686 1577 787 1613 quos
806 1563 998 1611 videmus,
1022 1562 1168 1613 gladiis
1188 1563 1414 1611 confideres,
1438 1563 1557 1602 male-

309 1627 425 1665 dictis
450 1640 512 1664 me
535 1639 750 1677 provocare
779 1640 902 1664 ausus
935 1626 1071 1664 esses?

242 1690 289 1729 19
360 1690 482 1728 ΧΙΧ.
514 1691 575 1728 47.
605 1690 684 1728 Sed
699 1691 777 1727 iam
792 1690 948 1740 flagitia
964 1690 1212 1729 omittamus:
1239 1694 1331 1728 sunt
1346 1690 1555 1740 quaedam,

310 1767 413 1803 quae
433 1754 598 1791 honeste
618 1767 697 1791 non
717 1767 879 1803 possum
899 1753 1028 1791 dicere
1045 1768 1052 1800 ;
1083 1757 1128 1791 tu
1156 1757 1290 1791 autem
1318 1767 1363 1791 eo
1383 1754 1555 1802 liberior,

310 1817 417 1866 quod
438 1830 484 1854 ea
503 1817 544 1853 in
564 1821 602 1854 te
624 1817 829 1865 admisisti,
847 1830 951 1866 quae
967 1830 990 1854 a
1005 1817 1227 1854 verecundo
1247 1816 1404 1854 inimico
1421 1817 1559 1854 audire

310 1893 389 1917 non
418 1893 565 1930 posses.
623 1880 701 1917 Sed
721 1880 920 1930 reliquum
949 1880 1054 1918 vitae
1078 1894 1237 1917 cursum
1257 1880 1410 1928 videte;
1439 1894 1560 1930 quem

269 1957 286 1992 5
310 1943 471 1993 quidem
500 1944 679 1981 celeriter
706 1943 998 1994 perstringam:
1032 1944 1082 1981 ad
1111 1944 1209 1981 haec
1237 1944 1352 1991 enim,
1386 1957 1490 1994 quae
1518 1944 1560 1982 in

312 2007 416 2044 civili
436 2007 552 2054 bello,
576 2007 618 2044 in
637 2007 825 2044 maximis
844 2007 901 2044 rei
920 2007 1105 2057 publicae
1124 2007 1295 2044 miseriis
1315 2008 1419 2054 fecit,
1444 2011 1482 2045 et
1507 2007 1560 2046 ad

312 2083 369 2116 ea,
393 2083 497 2119 quae
525 2070 685 2108 cottidie
714 2071 820 2118 facit,
845 2070 1010 2108 festinat
1029 2070 1211 2118 animus;
1242 2083 1345 2120 quae
1373 2075 1475 2121 peto,
1499 2077 1555 2118 ut,

311 2147 556 2183 quamquam
576 2134 702 2171 multo
722 2133 878 2171 notiora
895 2134 1009 2172 vobis
1030 2147 1151 2183 quam
1170 2134 1269 2170 mihi
1288 2137 1392 2182 sunt,
1411 2138 1554 2181 tamen,

310 2200 355 2234 ut
392 2197 532 2243 facitis,
577 2201 728 2234 attente
763 2197 946 2234 audiatis.
1018 2197 1150 2234 Debet
1187 2198 1292 2234 enim
1329 2197 1481 2234 talibus
1516 2198 1558 2234 in

247 2274 291 2297 10
311 2259 432 2297 rebus
462 2260 634 2297 excitare
664 2261 818 2297 animos
851 2273 931 2297 non
961 2260 1134 2310 cognitio
1168 2260 1296 2297 solum
1328 2273 1459 2297 rerum
1490 2261 1559 2298 sed

311 2323 431 2360 etiam
464 2323 706 2370 recordati03
753 2324 825 2361 etsi
862 2323 1096 2371 incidamus,
1134 2324 1285 2373 opinor,
1328 2324 1470 2369 media,
1507 2337 1557 2361 ne

310 2386 428 2423 nimis
449 2400 535 2423 sero
557 2387 605 2423 ad
627 2390 804 2424 extrema
823 2387 1042 2424 veniamus.
