1736 2615
721 167 923 193 Pffimrrlc
950 168 994 192 11.
1471 159 1518 192 55

199 256 364 294 deduci:
412 257 570 295 colonos
611 270 734 295 novos
779 257 923 295 ascribi
968 270 1085 307 posse
1124 257 1320 307 rescripsi.
1390 258 1450 295 Tu
1469 257 1520 296 40

198 324 332 357 autem
350 320 564 358 insolentia
588 321 717 358 elatus
740 321 848 358 omni
875 321 1144 371 auspiciorum
1172 321 1258 358 iure
1287 321 1449 358 turbato

198 383 419 421 Casilinum
448 385 643 422 coloniam
674 384 887 433 deduxisti,
924 397 1004 434 quo
1038 388 1123 422 erat
1160 384 1298 434 paucis
1332 385 1448 422 annis

197 451 289 485 ante
313 447 492 495 deducta,
516 452 562 485 ut
586 448 780 486 vexillum
808 448 978 494 tolleres,
1006 452 1051 485 ut
1075 452 1254 485 aratrum
1283 448 1446 486 circum·
1476 463 1516 486 ιο

196 510 382 555 duceres;
416 512 529 549 cuius
558 511 723 561 quidem
750 525 910 549 vomere
937 515 1095 562 portam
1125 511 1287 561 Capuae
1319 524 1447 562 paene

196 575 477 624 perstrinxisti,
511 579 556 612 ut
588 575 767 612 florentis
809 575 986 613 coloniae
1029 575 1275 612 territorium
1318 575 1448 612 minu-

197 642 340 676 eretur.
401 642 485 676 103.
516 637 582 676 Ab
601 638 677 676 hac
695 639 1001 688 perturbatione
1020 638 1264 688 religionum
1284 638 1449 677 advolas

196 702 238 738 in
271 702 326 738 M.
360 702 564 749 Varronis,
614 702 854 740 sanctissimi
900 706 1022 751 atque
1068 702 1316 752 integerrimi
1353 703 1441 751 viri,

196 765 368 802 fundum
387 765 626 803 Casinatem.
683 764 771 806 Quo
791 765 910 803 iure?
958 765 1046 806 Quo
1066 767 1165 804 ore?
1216 768 1239 785 “
1252 766 1448 814 Eodem,''
1475 780 1484 803 1
1498 779 1515 814 5

196 829 354 878 inquies
386 831 502 878 “quo
531 829 574 865 in
601 828 796 866 heredum
822 829 867 866 L.
888 829 1047 877 Rubrii,
1077 842 1157 879 quo
1183 829 1225 866 in
1254 829 1448 867 heredum

198 893 241 929 L.
264 893 435 930 Turselii
459 892 635 942 praedia,
658 906 739 942 quo
758 892 801 929 in
823 893 1002 942 reliquas
1021 893 1337 930 innumerabiles
1356 906 1446 943 pos-

197 956 431 994 sessiones.''
505 957 558 994 Et
595 956 629 994 si
666 956 716 994 ab
757 956 886 1004 hasta,
930 956 1063 994 valeat
1108 957 1236 1003 hasta,
1285 957 1447 994 valeant

195 1020 369 1068 tabulae,
391 1020 509 1057 modo
530 1020 722 1066 Caesaris,
746 1033 827 1057 non
846 1025 951 1067 tuae,
974 1020 1123 1070 quibus
1152 1021 1338 1068 debuisti,
1362 1034 1443 1058 non

197 1084 345 1133 quibus
369 1087 415 1121 tu
440 1088 479 1121 te
512 1084 746 1121 liberavisti.
803 1084 996 1122 Varronis
1024 1084 1188 1133 quidem
1216 1084 1447 1123 Casinatem
1469 1099 1516 1123 zo

196 1148 369 1185 fundum
401 1148 492 1197 quis
518 1148 676 1185 venisse
709 1147 832 1185 dicit?
888 1146 987 1188 Quis
1016 1147 1175 1185 hastam
1203 1149 1321 1186 istius
1354 1161 1448 1187 ven-

196 1212 358 1248 ditionis
372 1211 504 1249 vidit‘?
552 1210 651 1252 Quis
670 1224 806 1249 vocem
825 1211 1030 1261 praeconis
1051 1211 1236 1249 audivit?
1290 1212 1450 1249 Misisse

197 1275 294 1312 dicis
321 1274 619 1312 Alexandream
638 1275 708 1324 qui
730 1279 877 1312 emeret
897 1288 920 1311 a
940 1274 1121 1313 Caesare.
1176 1275 1317 1325 Ipsum
1345 1275 1451 1313 enim

198 1342 426 1389 exspectare
455 1352 648 1388 magnum
675 1338 767 1376 fuit.
828 1341 912 1375 104.
943 1337 1044 1379 Quis
1070 1351 1163 1376 vero
1193 1339 1347 1376 audivit
1376 1352 1449 1376 un-

198 1402 526 1452 quam—nullius
565 1409 700 1439 autem
738 1401 846 1439 salus
883 1414 1000 1439 curae
1043 1401 1228 1452 pluribus
1268 1402 1449 1440 fuit—de
1473 1416 1516 1451 25

199 1465 372 1503 fortunis
399 1466 592 1503 Varronis
625 1478 709 1502 rem
736 1465 862 1502 ullam
896 1477 980 1502 esse
1010 1465 1259 1503 detractam?
1315 1465 1451 1506 Quid?

198 1528 239 1566 Si
270 1529 391 1566 etiam
420 1528 577 1578 scripsit
606 1528 656 1566 ad
682 1532 721 1565 te
748 1528 897 1566 Caesar
924 1532 969 1565 ut
997 1529 1195 1576 redderes,
1227 1529 1326 1578 quid
1355 1529 1452 1566 satis

196 1596 327 1643 potest
367 1592 445 1629 dici
482 1592 531 1629 de
569 1595 682 1629 tanta
718 1591 1000 1642 impudentia?
1069 1592 1245 1629 Remove
1293 1592 1449 1642 gladios

196 1669 413 1707 parumper
452 1655 552 1702 illos,
588 1669 689 1705 quos
722 1655 930 1693 videmus:
979 1656 1060 1693 iam
1092 1656 1303 1705 intelleges
1331 1656 1452 1693 aliam

197 1733 358 1758 causam
407 1732 492 1757 esse
539 1719 679 1756 hastae
721 1718 914 1767 Caesaris,
956 1719 1077 1756 aliam
1114 1719 1377 1757 confidentiae
1412 1723 1450 1757 et
1473 1734 1520 1768 30

197 1784 436 1821 temeritatis
473 1787 590 1830 tuae3
639 1796 719 1820 non
758 1783 865 1820 enim
900 1786 939 1820 te
977 1783 1162 1820 dominus
1207 1783 1324 1821 modo
1371 1783 1452 1821 illis

197 1847 376 1891 aedibus,
407 1847 476 1884 sed
504 1847 636 1896 quivis
665 1846 826 1895 amicus,
849 1846 1013 1893 vicinus,
1038 1847 1194 1897 hospes,
1218 1851 1451 1897 procurator

197 1911 358 1949 arcebit.
414 1910 527 1948 XLI.
558 1909 613 1947 At
643 1923 765 1959 quam
793 1910 940 1947 multos
970 1910 1057 1947 dies
1084 1911 1127 1947 in
1156 1923 1202 1947 ea
1230 1910 1326 1947 villa
1363 1915 1446 1948 tur·
1467 1911 1515 1948 41

196 1975 358 2025 pissime
388 1988 430 2011 es
462 1973 774 2024 perbacchatus!
830 1973 895 2011 Ab
929 1974 1029 2011 hora
1062 1974 1182 2011 tertia
1214 1974 1444 2023 bibebatur,

196 2039 421 2085 ludebatur,
455 2037 705 2074 vomebatuin
773 2036 804 2074 O
838 2041 940 2074 tecta
973 2038 1060 2087 ipsa
1092 2038 1249 2085 misera,
1290 2039 1451 2087 “quam

196 2103 346 2153 dispari
379 2100 920 2150 domino!”—Quamquam
954 2114 1034 2150 quo
1066 2100 1184 2139 modo
1216 2101 1292 2139 iste
1325 2102 1449 2139 domi-

196 2166 303 2203 nus?
359 2165 436 2203 Sed
461 2168 596 2202 tamen
624 2178 746 2214 quam
772 2165 823 2201 ab
848 2165 1000 2214 dispari
1028 2165 1272 2202 tenebantur
1289 2165 1297 2202 l
1314 2170 1447 2203 —stu-
1472 2181 1488 2214 5

196 2231 353 2267 diorum
378 2229 484 2266 enim
513 2241 675 2265 suorum
697 2228 825 2267 Varro
851 2228 978 2266 voluit
998 2228 1111 2275 illud,
1134 2242 1215 2266 non
1234 2229 1450 2267 libidinum

196 2293 478 2331 deversorium.
539 2295 623 2329 105.
654 2290 767 2332 Quae
787 2292 828 2328 in
849 2292 918 2328 illa
937 2292 1034 2329 villa
1053 2295 1173 2329 antea
1198 2292 1444 2340 dicebantur,

196 2370 300 2407 quae
337 2356 630 2406 cogitabantur,
660 2368 765 2406 quae
797 2355 941 2394 litteris
973 2354 1294 2393 mandabantur!
1351 2356 1449 2395 Iura
